2584 3834
831 219 921 273 AD
956 220 1118 271 mn).
1155 219 1602 272 Rrrscflssuvm.
2036 221 2180 273 XXV

344 368 633 454 [Hercle]
679 381 747 434 nt
775 392 857 435 ne
890 379 1190 454 quoquam
1225 373 1306 435 de
1336 374 1585 453 ingenio
1617 372 2020 454 degrediatur
2045 376 2175 436 mii·

340 521 694 620 flatumque
756 548 953 602 artem
1012 548 1077 602 et
1145 456 1537 621 dlligipilinam
1602 544 1880 621 optlneat
1945 540 2172 602 colere.

1169 626 1293 686 PE.
1355 625 1552 701 Quem
1596 624 1675 686 aid
1715 624 2007 685 modum?

260 722 414 756 unum
463 716 539 758 est
577 709 715 770 quod
754 708 802 758 in
840 707 922 758 his
956 711 1188 760 versibus
1225 710 1334 758 inre
1371 708 1625 760 offendere
1661 711 1854 774 possit,
1913 709 2023 758 dico
2061 723 2172 759 eam

259 776 492 840 syntaxin
528 791 594 825 ex
630 791 731 839 qun
774 791 944 827 earum
981 779 1169 829 (lictum
1204 786 1282 828 est
1319 778 1467 839 quasi
1503 792 1601 827 non
1638 777 1864 828 nudiebri
1884 778 1977 827 sed
2007 779 2173 827 mulie-

261 860 363 893 rum
414 845 769 909 praecesserit,
823 846 963 909 quod
1012 847 1175 910 siquis
1222 860 1461 896 revocare
1495 846 1663 905 volet,
1715 855 1774 896 ut
1813 848 2170 898 anscmvs

259 912 406 971 fecit,
466 928 567 962 non
614 914 865 964 obstinate
913 915 1250 974 adversabor,
1306 927 1613 977 quamquam
1660 919 2002 966 necessarium
2058 929 2170 964 esse

258 981 380 1030 mihi
415 981 642 1031 nondum
678 983 981 1045 persuadeo.
1028 1011 1098 1021 —
1148 984 1213 1034 V.
1235 982 1338 1033 255
1376 998 1453 1046 sq.
1494 997 1566 1032 ἰν
1603 998 1736 1033 nunc
1770 985 1843 1036 ita
1877 984 2028 1035 scribi
2065 1000 2170 1033 ma-

261 1051 334 1099 vis
368 1076 439 1086 —-
473 1055 608 1099 intr-0
645 1049 733 1099 abi
765 1066 915 1116 eruo.-
954 1053 1004 1102 ἐι
1036 1054 1130 1103 εἰεί
1160 1053 1272 1112 isti,
1309 1053 1556 1102 mulierem
1611 1050 1637 1119 ΙΙ
1697 1051 1821 1104 Ῑήῠε
1853 1055 1949 1103 cito
1985 1054 2170 1103 ‹1011an

259 1120 477 1169 wansire
524 1134 588 1168 ac
631 1119 752 1169 bene
800 1122 850 1170 ei
889 1119 1016 1170 haec
1062 1129 1282 1171 monstra
1320 1128 1371 1170 et
1399 1122 1643 1184 praecipe
1677 1129 1728 1171 et
1763 1123 1809 1172 si
1845 1130 1979 1172 recte
2016 1123 2169 1171 verba

258 1201 361 1236 'ru
395 1187 620 1237 intellexi
660 1200 720 1236 ea
753 1190 1075 1253 potissimum
1112 1191 1177 1239 de
1212 1202 1370 1239 causa
1405 1197 1460 1238 ut
1488 1190 1813 1240 eviteturcito
1834 1189 2041 1240 voculae
2060 1204 2169 1239 cor-

258 1258 431 1320 reptio.
492 1263 555 1307 ar
588 1255 642 1305 in
686 1255 785 1306 hac
819 1273 872 1306 re
907 1258 1057 1307 nimis
1096 1256 1218 1307 mihi
1257 1256 1418 1307 fuisse
1451 1258 1641 1307 videris
1678 1273 1915 1318 severus,
1965 1259 2028 1307 dc
2067 1274 2166 1321 quo

259 1324 375 1374 alibi
420 1326 493 1373 ita
532 1324 804 1389 disputabo
841 1335 897 1374 ut
931 1334 1092 1376 totum
1129 1327 1224 1376 hoc
1259 1340 1423 1391 genus
1460 1326 1788 1390 complectar,
1837 1342 1931 1377 uec
1963 1336 2169 1392 propter

257 1394 402 1442 istam
453 1394 823 1458 correptionem
879 1395 942 1444 ab
996 1409 1058 1445 ea
1110 1396 1304 1446 ratione
1352 1410 1454 1458 qua
1505 1393 1559 1444 hi
1596 1407 1772 1444 versus
1810 1395 1858 1444 in
1898 1394 2040 1444 libris
2078 1396 2167 1444 de-

258 1462 426 1526 scripti
463 1470 583 1511 sunt
615 1462 851 1513 recedere
886 1466 1066 1513 ausim.
1109 1472 1186 1513 est
1220 1472 1391 1512 antem
1428 1462 1528 1512 alia
1564 1476 1718 1512 cansa
1752 1477 1842 1512 cur
1866 1461 1961 1512 hos
1990 1478 2166 1512 versus

256 1529 336 1578 hic
368 1529 714 1581 retractandos
750 1531 1004 1581 duxerim:
1043 1547 1143 1582 non
1181 1534 1316 1581 enim
1353 1532 1451 1581 iam
1485 1532 1646 1597 probo
1686 1546 1797 1581 eam
1833 1540 2166 1582 correcturum

257 1614 403 1661 quam
453 1607 620 1648 motus
658 1599 873 1664 gemello
909 1611 965 1650 ut
1000 1600 1127 1650 mihi
1160 1601 1428 1651 videbatur
1461 1616 1614 1652 versu
1651 1600 1794 1666 Capt.
1818 1597 1922 1652 359
1960 1615 2165 1665 recepe-

257 1681 362 1717 ram
400 1668 511 1717 dice
553 1675 774 1719 monstra
811 1670 948 1731 quod
986 1684 1087 1719 non
1121 1669 1287 1719 solum
1321 1667 1409 1718 illo
1446 1684 1597 1719 versu
1632 1676 1688 1718 ιιι
1725 1671 1827 1719 iam
1864 1684 2018 1734 supra
2055 1670 2162 1718 dixi

259 1737 348 1785 sed
393 1736 544 1786 etiam
592 1736 692 1786 hoc
732 1737 1042 1787 reiciendum
1088 1746 1182 1787 est.
1233 1752 1412 1787 verum
1456 1752 1519 1786 ne
1568 1750 1706 1786 'rus
1745 1738 1949 1801 quidem
1984 1737 2164 1788 horum

257 1805 523 1858 verborum
559 1804 935 1855 emendationes
967 1806 1184 1872 probare
1207 1820 1420 1870 possum
1435 1841 1448 1863 ‚
1485 1820 1578 1855 nec
1605 1807 1825 1870 priorem
1844 1814 1994 1872 atque
2010 1806 2165 1857 haece

256 1871 374 1922 hene
410 1876 461 1924 ei
491 1881 710 1925 monstra
744 1882 794 1923 ct
823 1876 1063 1939 praecipe
1098 1891 1192 1924 nec
1227 1888 1469 1939 nuperam
1496 1889 1648 1936 quarn
1678 1889 1834 1940 supra
1848 1876 2162 1939 transcripsi,

257 1950 304 1991 et
336 1942 432 1992 hac
468 1943 671 2005 quidem
712 1943 776 1992 de
815 1958 968 1993 eausa
1003 1946 1124 2007 quia
1154 1944 1276 1994 bene
1303 1950 1581 1993 monstrare
1611 1943 1662 1992 in
1683 1943 1911 1993 Plautino
1933 1958 2163 1993 sermone

255 2008 400 2076 longe
453 2011 604 2060 aliam
651 2012 755 2062 vim
804 2010 956 2061 habet
992 2020 1142 2075 atque
1179 2027 1310 2074 quae
1344 2010 1428 2060 hic
1464 2012 1805 2071 desideratur,
1858 2011 1975 2061 vide
2013 2012 2162 2063 modo

256 2076 430 2128 Bacch.
460 2075 560 2130 133
607 2078 795 2129 Curc.l
829 2078 864 2130 3
900 2076 968 2131 43
1012 2089 1060 2130 et
1107 2087 1243 2130 recte
1289 2087 1571 2130 monstrare
1621 2078 1776 2130 Stich.
1800 2078 1902 2131 145
1937 2079 2164 2130 Pseud.1

255 2137 288 2196 3
321 2147 385 2196 55
426 2146 570 2197 Gnrc.
598 2147 646 2197 Π
679 2145 715 2198 3
749 2145 835 2200 20.
888 2149 1122 2212 equidem
1175 2149 1259 2198 hic
1302 2149 1438 2198 idem
1496 2149 1729 2199 desidero
1768 2151 1977 2200 verbum
2026 2150 2163 2212 quod

258 2214 337 2265 ilio
374 2215 696 2281 Captivorum
730 2230 880 2266 versu
918 2233 983 2266 ex
1018 2217 1156 2267 libris
1193 2216 1390 2267 restitui
1424 2218 1551 2266 iussi
1586 2218 1926 2268 demonstrare
1964 2226 2013 2268 et
2049 2234 2158 2267 cum

266 2283 616 2341 §mbrosianus
659 2284 845 2335 habeat
884 2298 1489 2344 mnennnnuous'ru,
1534 2285 1710 2336 relicui
1743 2286 1858 2336 libri
1898 2286 2004 2336 fere
2037 2286 2163 2336 haec

259 2354 304 2402 ei
333 2360 581 2411 monstra,
626 2352 757 2402 hanc
793 2356 1064 2418 genuinam
1115 2354 1265 2403 huius
1301 2368 1481 2404 versus
1518 2354 1732 2404 formam
1769 2354 1932 2405 fuisse
1967 2356 2160 2404 conicio

339 2422 477 2483 Cito
515 2419 758 2481 domum
792 2425 1088 2483 transire:
1132 2429 1318 2565 atqug
1339 2423 1494 2565 lineo
1518 2424 1579 2483 ei
1600 2423 1763 2484 bene
1783 2421 2158 2500 demonstra,

1164 2525 1277 2586 pra
1319 2526 1358 2575 e
1375 2524 1457 2587 pe

334 2592 420 2648 Vt
458 2594 674 2648 teneat
711 2586 966 2649 consilia
1006 2596 1315 2650 nostra...

257 2681 470 2723 ceterum
502 2670 724 2722 Rsstzrvs
761 2671 897 2722 hunc
931 2687 1130 2721 versum
1168 2675 1243 2721 sic
1276 2680 1561 2723 correxerat
1596 2671 1703 2725 otto
1730 2674 1916 2723 domm
1942 2678 2160 2723 nostr-dm

255 2744 496 2802 transire,
552 2747 700 2805 atque
735 2739 861 2791 Ιιαέο
899 2743 948 2790 ei
979 2749 1226 2801 monstra,
1268 2743 1545 2804 praecipe,
1599 2742 1693 2791 sed
1727 2741 1825 2791 hoc
1860 2757 1960 2791 non
1992 2743 2159 2807 magis

257 2812 319 2859 ad
362 2810 644 2859 Plautinam
692 2808 1104 2860 consuetudinem
1150 2825 1301 2873 quam
1353 2810 1488 2872 quod
1541 2822 1614 2858 ‘rv
1659 2826 1707 2859 v.
1743 2806 1849 2860 484
1886 2810 2159 2875 scripseras

256 2887 452 2929 nostrae
489 2879 640 2939 domi,
679 2893 828 2941 quem
864 2892 1064 2928 versum
1102 2891 1174 2928 τι*
1209 2893 1345 2929 nunc
1377 2880 1489 2945 ipse
1525 2878 1669 2928 aliter
1701 2878 2041 2943 perpolivisti.
2087 2882 2159 2929 ei-

258 2948 367 2997 dem
402 2947 589 2996 Rmzto
629 2947 840 2997 debetur
874 2947 1011 3009 quod
1049 2963 1098 2996 v.
1120 2944 1224 2999 279
1262 2949 1455 2997 intexui
1490 2946 1568 2995 hic
1604 2946 1741 3009 quod.
1777 2962 1889 2996 cum
1924 2956 1971 2998 et
1994 2949 2046 2998 in
2070 2964 2160 2998 an-

254 3015 498 3066 tecedenti
547 3023 596 3063 et
645 3017 697 3063 in
746 3016 974 3078 sequenti
1010 3031 1161 3065 versu
1195 3018 1249 3065 in
1285 3017 1426 3067 libris
1464 3015 1663 3064 abunde
1701 3015 1928 3066 additum
1964 3018 2029 3067 sit
2060 3016 2160 3067 huc

255 3085 554 3149 pertinuisse
589 3083 811 3133 videtur:
863 3082 999 3132 idem
1034 3101 1082 3132 v.
1105 3083 1210 3137 429
1246 3092 1362 3135 ante
1396 3084 1645 3134 Bou-mvn
1681 3084 1939 3135 invenerat
1971 3102 2033 3136 ne
2070 3101 2162 3136 nos

254 3160 458 3211 uosmet,
505 3168 555 3201 v.
588 3147 692 3202 472
736 3153 822 3216 qui
861 3151 991 3202 hanc
1035 3155 1173 3217 quod
1217 3155 1317 3203 iam
1354 3153 1602 3204 Philol.11
1637 3167 1688 3219 p.
1710 3150 1781 3206 88
1815 3155 2051 3206 iudicavi.
2088 3181 2161 3192 —

254 3219 488 3284 Sequitur
523 3221 681 3269 series
716 3221 1123 3282 emendationum
1161 3236 1384 3271 ‘rvanvn
1420 3238 1570 3285 quam
1606 3224 1744 3285 quod
1781 3238 1844 3273 ex
1882 3236 1988 3273 'ru
2014 3239 2159 3287 prae-

254 3299 438 3349 fatione
470 3295 626 3348 Stichi
657 3299 946 3362 transcripsi
971 3314 1070 3349 non
1093 3299 1224 3350 feres
1245 3299 1481 3349 moleste:
1511 3291 1584 3349 ἰη
1607 3296 1711 3349 263
1733 3310 1871 3352 sese
1895 3291 2158 3352 uidisse:

252 3397 301 3430 v.
326 3376 427 3432 367
470 3374 563 3433 Ac
608 3392 744 3433 cum
787 3371 1021 3434 alieno:
1062 3398 1114 3432 v.
1135 3379 1240 3434 370
1281 3375 1567 3439 uiderim.
1639 3375 1770 3436 PH.
1812 3377 1945 3453 Ego
1989 3378 2160 3435 mora

253 3474 457 3518 moror
499 3454 758 3518 multum
799 3463 890 3530 (ab
926 3463 1186 3529 Dantem:
1223 3482 1272 3516 v.
1296 3463 1400 3518 406
1439 3458 1752 3540 plenumst
1779 3456 1846 3517 id
1876 3457 2157 3536 quidemz
