2584 3834
816 244 907 297 AD
941 242 1104 294 mn).
1141 239 1585 293 RITSOEEHVM.
2090 236 2162 289 X]

246 401 432 466 scripsi
466 399 690 450 redduco
725 396 808 463 (at
842 397 1036 455 redux,
1074 393 1142 446 cf.
1176 392 1563 445 Soanos-vs
1601 391 1664 441 de
1701 391 1846 441 elem.
1882 389 2009 455 ling.
2047 389 2158 442 Lat.

246 486 297 536 p.
321 466 425 521 587
457 483 572 531 sqq.
599 468 745 518 cuius
777 466 844 516 de
869 465 1072 516 duobus
1101 463 1332 512 versibus
1356 456 1615 527 Capussa
1635 466 1684 509 et
1705 454 1953 511 Rud.9o9
1972 458 2159 509 iudicio

152 548 157 553 ·
248 553 351 588 non
385 552 502 586 sum
539 532 840 599 obsecutus)
868 532 1076 597 repperi
1098 533 1291 581 rettuli:
1329 528 1435 582 Mil.
1456 526 1525 581 26
1545 525 1612 580 27
1630 524 1701 579 30
1719 524 1856 578 1180
1877 540 1990 576 sero
2013 525 2159 575 intei-

248 607 352 658 lexi
416 620 520 655 non
574 604 737 654 fuisse
788 600 1156 653 sollicitandam
1204 599 1506 663 scripturam
1561 599 1864 662 optimorum
1918 594 2159 645 librorum

250 674 609 734 bracehium
642 681 737 747 (cf.
772 680 1047 732 WAenat
1082 676 1484 743 Orthogr.Verg.
1505 691 1559 741 p.
1574 672 1733 742 419),
1770 675 1890 725 item
1909 667 2156 724 names?

250 776 301 817 et
328 763 470 817 1313
500 756 913 836 marsuppium
945 764 1056 815 sive
1089 753 1486 831 marsippium
1523 760 1661 823 quod
1683 760 1896 810 inlibris
1914 757 2159 808 Plautinis

250 841 433 890 eadem
469 839 803 889 inconstantia.
832 838 1074 902 scriptum
1107 836 1356 901 reperitur
1389 848 1491 898 qua
1524 834 1577 883 in
1611 833 1751 882 libris
1787 831 1988 883 Graecis
2021 845 2158 895 μαρ-

250 907 448 957 σίπιον
494 898 814 972 paparium
860 903 1243 969 μαρσίπαιονε
1298 910 1470 952 contra
1514 902 1899 967 improbandum
1948 902 2161 951 arbitror

250 979 384 1027 nollo
421 976 563 1039 quod
601 989 678 1026 vv
716 990 877 1041 nuper
906 975 960 1024 in
997 972 1167 1024 Sticho
1208 972 1297 1022 ubi
1337 970 1452 1021 libri
1481 970 1791 1036 praebebant
1824 971 1876 1019 in
1913 970 2151 1021 continui.

250 1053 406 1096 tatem
448 1046 719 1096 verborum
759 1043 997 1108 recepisti
1038 1050 1087 1092 et
1134 1042 1188 1091 in
1231 1039 1546 1106 praefatione
1579 1054 1632 1104 p.
1656 1052 1729 1087 xv
1763 1053 1839 1102 sq.
1877 1039 1950 1088 ita
1986 1038 2159 1088 desen·

256 1114 374 1165 disti
413 1122 471 1162 ut
512 1127 667 1175 quam
712 1113 1013 1177 scripturam
1057 1111 1292 1173 antiquos
1337 1116 1567 1159 auctores
1598 1107 1786 1158 habere
1820 1122 1884 1157 ex
1913 1106 2158 1156 Diomede

255 1181 583 1247 grammatico
619 1181 927 1231 disceremus
963 1194 1075 1230 eam
1110 1179 1175 1228 ab
1212 1177 1404 1228 editore
1436 1176 1601 1225 Plauti
1636 1177 1893 1226 obscurari
1928 1190 2021 1240 par
2058 1189 2156 1223 non

252 1264 371 1299 esse
405 1250 753 1300 contenderes.
792 1249 873 1298 cui
906 1248 1181 1299 sententiae
1212 1245 1441 1295 lubenter
1462 1245 1826 1294 subscriberem
1851 1244 1897 1294 si
1913 1246 2159 1293 rationem

257 1319 406 1366 istius
437 1320 756 1380 antiquorum
788 1317 1043 1367 doctrinae
1076 1315 1446 1380 perspicerem:
1501 1325 1574 1361 ‘tv
1614 1313 1817 1374 quidem
1846 1303 1991 1363 ‘satis
2022 1302 2156 1360 ἄνα-

254 1375 429 1449 λόγως
461 1388 670 1437 nonuolo
705 1385 915 1435 transire
945 1385 998 1433 in
1030 1385 1160 1434 nollo
1194 1371 1442 1448 potuisse’
1461 1379 1736 1444 profiteris,
1771 1381 1867 1430 sed
1890 1388 2155 1443 antequam

244 1469 385 1517 -quae
438 1454 589 1504 fuerit
626 1455 727 1503 ista
772 1452 1007 1517 analogia
1056 1450 1367 1516 argumentis
1409 1450 1620 1499 eviceris
1667 1462 1768 1498 non
1813 1463 2026 1512 possum
2058 1463 2155 1499 nou

258 1523 535 1572 doctrinam
568 1521 708 1571 illam
740 1536 950 1587 pravam
985 1520 1207 1570 iudicare
1243 1528 1404 1568 ortam
1440 1517 1657 1568 fortasse
1692 1525 1748 1566 ut
1780 1515 2155 1566 Scuttmmsnvz

255 1590 290 1639 l.
312 1605 353 1640 s.
373 1606 418 1640 s.
438 1605 492 1654 p.
512 1586 618 1640 418
661 1591 786 1639 scite
826 1590 1113 1654 suspicatur
1145 1588 1264 1637 inde
1299 1587 1439 1650 quod
1480 1589 1609 1636 mlo
1643 1600 1676 1635 a
1707 1582 1914 1649 μᾶλλον
1948 1585 2149 1636 descen·

257 1659 373 1708 dere
422 1659 784 1722 opinabantur=
839 1659 1009 1719 itaque
1044 1672 1126 1706 me
1168 1657 1280 1722 ipse
1310 1653 1623 1720 reprebendo
1657 1655 1795 1718 quod
1829 1662 2155 1720 praepostero

257 1741 378 1775 usus
412 1727 599 1775 iudicio
635 1736 683 1775 et
718 1739 825 1775 ‘rvi
859 1727 1021 1790 ipsius
1056 1732 1227 1790 spreta
1262 1724 1603 1774 admonitione
1633 1737 1727 1788 per
1747 1731 1904 1773 totam
1926 1723 2151 1773 Trinum-

256 1809 391 1843 mum
433 1796 643 1845 vitiosas
690 1796 965 1858 scripturas
1005 1796 1134 1844 nollo
1172 1801 1221 1842 et
1255 1795 1401 1842 mallo
1433 1792 1636 1842 induxi:
1683 1793 1970 1842 restitutum
2003 1793 2157 1857 igitur

255 1873 404 1922 veiim
451 1889 501 1923 v.
543 1870 648 1925 634
698 1870 800 1924 685
850 1869 953 1924 688
1004 1869 1107 1924 945
1155 1868 1260 1923 979
1307 1868 1442 1921 1060
1486 1866 1617 1922 1167
1659 1867 1797 1922 1170
1829 1860 2008 1939 uolt),
2052 1867 2156 1922 762

254 1945 488 2007 malim:
531 1962 752 2005 ceterum
791 1955 927 2006 idem
969 1953 1353 2005 Scnusmnnvs
1396 1953 1544 2003 docet
1579 1967 1693 2002 cum
1724 1951 1968 2002 Diomede
2006 1954 2156 2002 etiam

257 2028 526 2080 Cornutum
567 2030 707 2094 apud
751 2027 979 2080 Cassiod.
1016 2045 1070 2094 p.
1093 2025 1230 2080 2283
1265 2043 1345 2092 sq,
1390 2027 1713 2092 Papirianum
1756 2027 1894 2092 apud
1940 2027 2156 2077 eundem

253 2113 304 2161 p.
322 2095 463 2149 2290
502 2097 694 2147 Bedam
737 2113 791 2162 p.
813 2094 950 2148 2339
994 2100 1048 2147 in
1095 2097 1393 2147 damnandis
1437 2097 1698 2161 scripturis
1743 2097 1889 2146 mallo
1931 2103 1979 2145 et
2024 2098 2155 2146 nollo

254 2168 557 2230 conspirare.
608 2166 716 2219 dixi
759 2166 823 2217 de
895 2166 1125 2215 eminetis
1160 2165 1566 2217 consonantibus.
1604 2166 1657 2214 in
1690 2164 2028 2233 compluribus
2065 2180 2154 2215 vo·

254 2235 443 2285 cabulis
490 2234 819 2285 suadentibus
879 2235 1002 2285 ibris
1045 2249 1136 2283 eae
1183 2241 1515 2284 consonantes
1558 2248 1685 2295 quas
1728 2235 1979 2297 posterior
2014 2242 2153 2283 aetas

253 2305 517 2352 exn-iverat
549 2302 809 2352 restitutae
842 2311 987 2362 sunt,
1036 2303 1176 2353 velut
1207 2304 1259 2352 in
1293 2305 1515 2368 quinctus
1546 2315 1639 2366 pro
1674 2304 1891 2367 quintus,
1945 2308 2154 2351 nanctus

246 2385 341 2434 pro
370 2378 548 2420 nactus
581 2370 712 2435 (non
747 2378 917 2421 autem
945 2378 1249 2433 percunctor
1280 2371 1361 2420 vel
1389 2378 1690 2433 perconctor
1720 2371 1900 2435 scripsi
1922 2370 2012 2420 sed
2029 2386 2150 2433 pcr-

250 2437 446 2503 contor)
461 2475 479 2499 ,
534 2447 844 2502 corr-amplus
888 2446 938 2488 et
981 2448 1294 2502 corrumptor
1343 2454 1434 2503 pro
1481 2445 1744 2502 cor-neptus
1780 2447 1829 2488 et
1866 2447 2149 2502 cernimur,

248 2514 421 2568 tempto
469 2508 812 2570 pedetemptim
862 2513 1144 2570 contempno
1195 2523 1288 2573 pro
1342 2514 1473 2557 tento
1519 2509 1818 2570 pedetente'm
1871 2515 2117 2558 contemno
2133 2525 2148 2555 .-

252 2576 367 2624 item
410 2576 611 2630 deciens
656 2580 874 2627 centiens
910 2578 1086 2627 totiens
1119 2579 1343 2641 quotiens
1379 2589 1492 2624 cum
1530 2576 1776 2626 similibus
1813 2585 1862 2626 et
1897 2584 2150 2627 centens-u·

250 2659 349 2693 mus
391 2646 699 2695 uicensmmcs
748 2653 797 2695 et
845 2644 1141 2695 thensaurus
1194 2645 1331 2707 quod
1379 2646 1530 2693 etiam
1582 2652 1758 2694 neutro
1796 2660 1981 2711 genere
2017 2645 2150 2695 then-

246 2727 448 2761 saurum
489 2728 520 2762 a
564 2713 741 2763 Plauto
793 2713 980 2763 dictum
1026 2722 1102 2764 est
1138 2712 1303 2779 (velut
1337 2727 1430 2776 per
1464 2720 1619 2762 totam
1653 2711 2024 2777 Trinummum)
2056 2729 2148 2778 pro

251 2779 536 2840 thesaurus,
578 2789 764 2846 gnatus
815 2795 906 2846 pro
939 2790 1087 2832 natus
1121 2793 1176 2831 ut
1208 2789 1376 2831 tamen
1412 2780 1543 2831 hanc
1577 2783 1873 2846 scripturam
1907 2796 2007 2830 non
2044 2798 2150 2832 om-

250 2849 361 2897 niuo
414 2849 732 2913 repudiarem
777 2850 869 2898 sed
919 2851 974 2899 id
1024 2851 1291 2900 discrimen
1339 2864 1595 2900 servarem
1643 2849 1778 2911 quod
1814 2848 2053 2900 NAervs
2096 2853 2149 2901 in

250 2913 427 2980 Opusc.
465 2917 641 2981 philol.
678 2918 819 2967 vol.I
850 2932 901 2983 p.
923 2914 1024 2970 187
1057 2933 1168 2982 sqq.
1196 2909 1329 2969 ‘sine
1356 2919 1497 2968 libris
1526 2919 1752 2983 ipsorum
1779 2917 2003 2969 locorum
2022 2919 2151 2970 inter

249 2998 303 3032 se
338 2977 726 3050 comparatione'
760 2985 949 3046 effecit,
1005 2995 1289 3037 constanter
1338 2994 1508 3036 autem
1555 2988 1755 3050 ignatus
1805 3002 1897 3053 pro
1948 2990 2148 3039 innatus

246 3053 529 3104 scriberem.
587 3054 842 3119 simplices
892 3063 1224 3106 consonantes
1267 3069 1341 3105 'tv
1385 3054 1648 3104 restituisti
1689 3055 1742 3104 in
1776 3055 1855 3107 his
1888 3058 2148 3108 vocabulis

247 3135 373 3182 quae
404 3121 557 3186 vulgo
590 3124 856 3187 geminatis
891 3125 1041 3175 scribi
1074 3124 1261 3175 solent:
1293 3124 1401 3174 hice
1437 3123 1577 3185 senice
1608 3121 1766 3173 hicine
1797 3125 1971 3177 hucine
1993 3128 2148 3177 sicine

246 3203 356 3238 cum
401 3191 695 3252 similibusr
734 3193 848 3241 ilico
887 3182 999 3257 ‘pro
1044 3195 1326 3243 reiectaneo
1377 3181 1540 3250 illic-0³,
1593 3194 1782 3244 ocultus
1830 3195 1918 3244 ubi
1953 3210 2146 3245 numeri

241 3257 454 3321 primam
483 3258 731 3325 syllabam
764 3261 967 3310 brevem
1001 3260 1229 3326 flagitant
1260 3276 1352 3326 pro
1389 3261 1631 3321 occultus,
1668 3264 1810 3312 sario
1832 3277 1923 3327 pro
1947 3265 2146 3314 carrio:

245 3325 417 3376 addidi
463 3328 615 3378 litera
648 3342 799 3391 quam
837 3330 1132 3395 scripturam
1166 3330 1321 3379 altera
1352 3330 1599 3394 potiorem
1634 3345 1746 3380 esse
1783 3331 1903 3381 alibi
1939 3332 2144 3383 demon.-

243 3396 421 3455 stravi,
450 3398 612 3458 pelea·
647 3395 779 3446 Rud.
802 3393 932 3447 1047
968 3411 1060 3462 pro
1090 3401 1293 3461 pellex,
1328 3400 1503 3461 pinula
1530 3398 1714 3464 Amph.
1738 3395 1857 3459 143,
1900 3408 1955 3449 ut
1977 3401 2143 3464 priore

243 3475 389 3513 nanu
440 3463 494 3514 in
543 3465 605 3515 V.
648 3462 701 3518 C.
756 3473 1014 3516 exaratum
1066 3475 1169 3527 est,
1230 3466 1328 3517 hoc
1385 3469 1517 3516 enim
1569 3468 1637 3518 ad
1680 3469 1882 3529 pinnam
1931 3468 2142 3517 eandem
