2584 3834
905 209 993 260 AD
1029 210 1190 261 mun.
1231 209 1673 262 RITSGHELIVM.
2071 210 2251 264 xvmt

329 363 413 416 eil.
441 364 581 415 Pers.
603 365 653 414 V
686 361 720 413 2
756 359 870 427 35).
909 386 981 402 ——
1017 363 1081 414 V.
1111 360 1214 415 582
1247 378 1341 430 pro
1389 365 1538 415 tertio
1584 363 1792 415 bacchio
1828 363 2248 429 palimbacchium

331 434 466 496 (sum
501 430 701 496 saluos)
737 432 888 496 posui
927 446 1077 496 quem
1113 443 1323 498 propter
1352 433 1804 499 interpunctionem
1836 435 2064 483 excusari
2096 447 2248 498 posse

332 510 662 561 putaveram:
714 515 848 550 nunc
886 515 1005 551 vero
1038 501 1155 551 vide
1191 516 1313 551 num
1349 500 1433 551 hic
1467 515 1647 551 versus
1683 516 1783 551 uon
1819 501 2136 552 incommode
2176 503 2250 551 sic

333 575 652 641 perpetiatur
689 566 997 648 Equidem
1037 567 1214 630 nsleo
1244 570 1419 630 reme
1448 575 1634 650 atque
1664 567 1866 630 saluos
1895 589 2061 648 snm,
2103 571 2247 629 Am·

329 652 607 731 phl'truo.
637 685 725 698 —
765 659 830 709 V.
864 654 967 709 642
1015 673 1092 724 sq.
1144 674 1256 710 cum
1304 661 1373 709 ita
1421 667 1475 709 nt
1519 674 1572 726 p.
1594 658 1661 710 31
1698 659 1936 726 leguntur
1971 661 2246 711 instauravi

330 733 563 783 nondum
605 735 1030 802 investigaveram
1081 749 1193 785 eam
1243 736 1405 802 legem
1443 736 1717 800 prosodiae
1752 736 2011 788 Plautinae
2048 752 2110 787 ex
2151 751 2249 800 qna

331 803 483 851 tertia
528 803 805 869 singularis
849 818 1067 869 persona
1114 804 1327 870 perfecti
1375 805 1525 855 activi
1573 804 1817 872 syllabam
1868 805 2094 856 ultimam
2128 819 2248 871 pro-

334 871 503 930 ducit,
554 880 609 921 ut
649 873 771 922 uicit
817 872 995 923 eodem
1046 874 1155 923 iure
1200 874 1484 938 spondeum
1536 873 1720 924 efficiat
1757 889 1858 937 quo
1893 875 2013 937 suat
2048 884 2095 924 et
2131 876 2251 925 uelit

333 940 564 999 iambos,
615 941 789 991 audiet
822 942 1088 1001 creticum,
1133 942 1359 1008 adflictat
1393 941 1669 992 molossum
1708 950 1757 992 et
1791 957 1921 1006 quae
1956 951 2072 993 suut
2107 944 2248 995 simit

333 1008 436 1067 lia,
474 1022 629 1070 quam
665 1009 871 1072 quidem
907 1025 1014 1060 rem
1052 1009 1217 1061 adhuc
1252 1011 1497 1061 occultant
1516 1023 1590 1059 'rv
1608 1013 1803 1077 primus
1821 1012 1870 1062 in
1891 1010 2090 1078 Proleg.
2111 1012 2246 1061 Trin.

333 1092 387 1141 p.
412 1088 637 1128 chxm
673 1091 784 1142 sqq.
827 1080 1097 1143 aperuisti:
1136 1079 1229 1130 sed
1264 1087 1321 1130 ut
1359 1079 1422 1129 de
1457 1080 1606 1129 istius
1643 1081 2010 1131 observationis
2041 1082 2247 1130 veritate

334 1159 507 1224 nemo·
524 1159 680 1196 sanus
717 1146 993 1207 dubitabit,
1034 1149 1109 1197 sic
1141 1147 1240 1199 boc
1268 1147 1407 1212 quod
1435 1163 1531 1213 ego
1561 1149 1862 1199 observasse
1892 1149 2070 1199 videor
2088 1149 2249 1212 quod-

335 1228 437 1276 que
473 1228 526 1263 tn
561 1229 773 1265 censura
807 1215 969 1266 Plauti
1006 1229 1097 1267 ‘rvr
1135 1217 1199 1266 de
1237 1231 1337 1280 qua
1373 1229 1528 1280 supra
1563 1215 1669 1266 dixi
1713 1217 1992 1268 rationibus
2028 1217 2250 1267 stabilivi

331 1281 515 1332 itidem
560 1290 747 1334 certum
787 1292 864 1335 est
898 1294 1047 1348 atque
1084 1284 1420 1350 exploratum.
1469 1292 1677 1349 propter
1709 1284 1842 1334 hanc
1877 1292 2044 1335 autem
2082 1286 2246 1352 legem

334 1353 385 1398 in
439 1353 515 1399 eis
561 1366 689 1414 quos
738 1351 847 1402 dixi
898 1354 1126 1403 versibus
1161 1353 1403 1403 librorum
1440 1353 1687 1417 scriptura
1724 1368 1875 1416 quam
1909 1352 2246 1405 Han-snm

336 1433 540 1482 quoque
581 1420 632 1470 in
681 1420 840 1471 Elem.
879 1422 1035 1472 doctr.
1077 1429 1218 1471 metr.
1260 1437 1314 1487 p.
1340 1417 1444 1472 298
1481 1436 1557 1484 sq.
1599 1420 1721 1487 (sed
1759 1420 2044 1472 dubitanter
2078 1422 2161 1472 ille
2200 1431 2249 1472 et

336 1502 404 1537 ex
442 1488 841 1553 interpunctione
879 1504 1008 1553 quae
1042 1489 1179 1540 nulla
1215 1499 1291 1541 est
1327 1491 1654 1540 excusatione
1689 1488 1827 1539 haud
1864 1490 2112 1554 proliabili
2161 1504 2243 1555 pe·

333 1552 455 1619 tita)
491 1557 697 1606 retinuit
733 1559 1018 1609 revocanda
1056 1565 1132 1608 est

428 1641 540 1701 Set
580 1641 700 1701 hoc
742 1661 841 1702 me
887 1644 1031 1704 beat
1073 1640 1327 1723 saltem,
1374 1645 1657 1723 qnoniam
1700 1641 2042 1725 perduellis

421 1739 589 1801 Vicit
631 1746 696 1799 et
737 1738 983 1802 domum
1025 1740 1223 1802 landis
1268 1745 1498 1822 cdnpos
1541 1742 1805 1803 renenit.

333 1839 401 1888 V.
442 1834 547 1889 678
595 1854 729 1888 nunc
779 1854 882 1890 non
934 1840 1108 1892 dubito
1164 1843 1287 1905 quin
1342 1841 1479 1903 quod
1535 1839 1729 1890 Nonius
1781 1853 1833 1903 p.
1879 1834 1974 1890 167
2029 1842 2251 1889 servavit

334 1907 706 1968 rumiferdnt
742 1915 1131 1980 praeferendum
1179 1918 1247 1967 sit
1290 1917 1568 1981 scripturae
1621 1915 1860 1966 librorum
1908 1913 2252 1965 Plautinorum

336 1993 632 2054 mmtificant.
667 2016 740 2030 —-
778 1992 844 2043 V.
866 1988 972 2043 '714
1004 1994 1059 2043 id
1095 1994 1233 2056 quod
1259 1993 1431 2058 priore
1457 2004 1612 2042 manu
1642 1993 1695 2041 in
1718 1991 1783 2044 V.
1809 1989 1863 2041 0.
1890 1998 2151 2041 exaratum
2176 2002 2250 2043 est

337 2061 533 2126 quidem
570 2062 739 2124 recepi
775 2075 869 2126 pro
905 2062 1126 2126 equidem
1161 2062 1293 2124 quod
1326 2061 1483 2112 altera
1511 2076 1689 2110 manus
1720 2061 1965 2120 correxit,
2005 2069 2060 2110 ut
2089 2062 2250 2113 inten-

335 2132 529 2179 tionem
563 2128 785 2193 syllabae
811 2130 1020 2180 ultimae
1059 2131 1194 2180 vocis
1228 2130 1688 2195 palimbacchiacae
1716 2135 1918 2180 ecastor
1943 2128 2249 2196 refugerem,

340 2213 496 2261 quam
538 2199 633 2248 arti
676 2198 939 2248 Plautinae
979 2213 1266 2264 repugnare
1311 2212 1384 2248 ’Π
1439 2200 1490 2248 in
1535 2197 1733 2263 Proleg.
1785 2194 1922 2247 Trin.
1972 2212 2024 2263 p.
2053 2213 2251 2250 ccxxrx

340 2267 566 2317 evicisti:
616 2267 707 2316 sed
755 2270 918 2318 erravi
967 2268 1104 2331 quod
1149 2274 1351 2319 ecastor
1399 2282 1573 2317 vocem
1621 2266 2098 2331 palimbacchiacam
2139 2283 2253 2318 esse

341 2337 580 2399 opinatus
614 2348 755 2396 sum,
796 2344 873 2385 est
910 2338 1043 2386 euim
1078 2336 1378 2396 molossica,
1416 2344 1473 2386 ut
1508 2352 1575 2386 ex
1608 2335 1713 2385 Mil.
1739 2332 1867 2386 1041
1910 2335 2119 2401 adparet
2156 2336 2250 2400 (cf.

338 2405 504 2454 Varro
540 2405 604 2454 de
637 2403 760 2471 ling.
802 2403 914 2457 Lat.
938 2404 987 2455 X
1018 2401 1090 2456 70
1118 2421 1231 2456 cum
1264 2404 1465 2471 Proleg.
1499 2404 1637 2458 Trin.
1663 2418 1714 2468 p.
1741 2416 1939 2453 cnxxrv
1962 2402 2098 2469 sq.):
2140 2420 2252 2455 cnm

339 2510 463 2543 vero
511 2495 731 2543 sermoni
775 2493 1004 2544 Plautino
1056 2492 1148 2558 (cf.
1182 2510 1231 2547 v.
1252 2489 1359 2545 698
1393 2501 1441 2544 et
1477 2490 1608 2556 730)
1657 2470 1918 2547 Εοιεῐοι·
1963 2486 2253 2566 θφιίἆέπι

341 2572 512 2636 magis
557 2570 847 2634 conveniat,
896 2572 1008 2620 sine
1053 2585 1195 2620 mora
1244 2569 1372 2620 illud
1414 2570 1781 2620 restituendum
1820 2577 1913 2621 est.
1949 2597 2021 2609 ——
2062 2571 2128 2624 V.
2151 2568 2254 2623 736

342 2654 457 2689 sero
508 2638 732 2689 intellexi
780 2639 1119 2690 revocandum
1169 2639 1331 2689 inisse
1380 2637 1608 2689 ordinem
1651 2640 1917 2689 verborum
1954 2653 2103 2701 quem
2141 2640 2252 2690 libri

343 2714 583 2766 exhibent
618 2707 785 2771 Vera
813 2707 969 2768 dico.
1035 2708 1180 2769 ΑΜ.
1217 2707 1355 2767 Non
1389 2705 1469 2766 de
1497 2706 1613 2766 hac
1638 2707 1887 2786 quidem
1909 2703 2128 2766 hercle
2150 2710 2254 2768 re:

346 2791 427 2852 tle
459 2789 592 2852 aliis
617 2793 846 2852 ndscio.
884 2799 1005 2849 alibi
1039 2806 1205 2848 autem
1245 2798 1599 2848 demonstrabo
1637 2798 1687 2846 in
1723 2797 1865 2847 hiatu
1904 2795 1968 2847 d&
2004 2798 2119 2847 aliis
2155 2814 2254 2848 non

345 2890 462 2925 esse
519 2875 889 2926 offendendum.
957 2900 1028 2911 —-
1092 2875 1158 2927 V.
1197 2870 1300 2925 755
1355 2874 1658 2938 optimorum
1714 2873 1956 2922 librorum
2010 2874 2257 2938 scriptura

346 2945 468 3021 Qui
494 2963 690 3022 nunc,
731 2943 1002 3004 mulier?
1044 2949 1306 2999 retinenda
1322 2956 1454 3000 erat:
1494 2949 1559 2999 cf.
1581 2946 1940 2998 Pseud 1222
1958 2947 2136 2998 Bacch.
2154 2948 2256 3003 563

258 3041 266 3051 '
342 3035 453 3087 Mil.
473 3031 578 3087 472
614 3034 730 3100 (ubi
765 3036 938 3086 relicui
972 3034 1088 3085 libri
1122 3039 1325 3098 praeter
1356 3032 1421 3081 V.
1445 3030 1498 3081 G.
1526 3037 1731 3080 tuentur
1765 3026 1885 3102 Qus
1913 3025 2079 3085 lam?
2122 3033 2258 3095 quod

346 3115 502 3163 etiam
539 3114 766 3164 eiusdem
802 3112 1004 3163 fabulae
1035 3126 1086 3160 v.
1104 3104 1209 3160 834
1248 3117 1298 3159 et
1337 3106 1470 3160 1203
1499 3108 1746 3158 sententia
1774 3109 2003 3175 flagitare
2034 3109 2257 3158 videtur:

344 3189 609 3249 praeterea
641 3182 746 3232 Mil.
766 3179 868 3233 545
904 3180 1244 3231 Palatinorum
1274 3178 1518 3231 librorum
1550 3177 1802 3242 scriptura
1819 3180 1929 3244 quis
1951 3192 2077 3226 nmo
2096 3178 2258 3241 magis

351 3253 438 3316 qm·
470 3251 744 3315 particulae
779 3250 952 3301 favere
988 3248 1187 3300 videtur
1215 3261 1369 3310 qnam
1395 3246 1683 3311 pronomini
1703 3249 1851 3311 quid,
1889 3248 2020 3297 sicut
2037 3241 2257 3294 Mit.431

349 3335 417 3369 ex
464 3319 703 3370 librorum
752 3320 1000 3384 scriptura
1044 3317 1286 3382 quispiam
1330 3329 1432 3364 non
1482 3315 1731 3380 quidpiam
1779 3315 1873 3365 sed
1920 3313 2057 3377 quod
2099 3324 2170 3360 ’Π
2209 3313 2259 3361 in

348 3388 675 3438 adnotatione
694 3387 1009 3454 proposuisti
1028 3386 1243 3451 quapiam
1260 3382 1568 3434 confidenter
1584 3385 1753 3449 recepi
1774 3384 1851 3434 cll.
1870 3382 2011 3447 Capt.
2033 3378 2177 3443 127).
2190 3405 2261 3416 —-

347 3455 417 3507 V.
445 3452 553 3508 804
596 3473 677 3506 me
726 3458 882 3507 invito
932 3456 1177 3520 scriptura
1213 3451 1406 3516 aliquot
1441 3452 1681 3502 librorum
1715 3452 2053 3515 pessimorum
2090 3461 2259 3497 σακε·
