2584 3834
413 198 620 250 xxvm
1074 196 1385 250 EPISTVLA
1426 197 1678 248 CRITICA

415 367 473 400 ae
510 352 699 414 nequid
737 351 893 402 celem
932 351 1069 414 quod
1103 351 1154 400 in
1189 350 1286 400 hac
1322 366 1476 416 opera
1512 366 1625 401 mea
1658 351 1772 400 aliis
1808 353 2041 417 privatim
2070 360 2330 418 acceptum

414 420 629 469 referam
674 422 798 470 scito
846 435 926 469 me
974 420 1126 469 huius
1164 419 1367 470 fabulae
1401 435 1451 469 v.
1477 418 1580 471 315
1615 421 1952 470 coniecturam
1985 423 2332 487 praeceptoris

414 490 513 537 mei
564 490 648 553 pie
697 489 893 539 colendi
945 488 1072 540 Cim.
1116 484 1268 537 va.
1306 487 1762 539 Mirsonssamcnn
1796 504 1927 554 quae
1966 505 2241 553 numquam
2278 491 2331 538 in

412 556 669 622 publicum
706 557 842 606 edita
881 567 954 606 est
992 558 1041 605 in
1078 558 1321 607 orationis
1343 558 1721 607 continuitatem
1737 559 2023 623 recepisse:
2061 574 2174 608 oum
2197 562 2330 609 euim

414 634 529 675 ante
565 626 658 675 hos
691 641 872 675 novem
907 625 987 676 vel
1021 625 1195 675 decem
1227 641 1387 676 annos
1413 628 1465 675 in
1482 627 1617 676 ahna
1633 632 1791 676 matre
1812 625 2052 678 Gnoson
2074 630 2330 679 Aversa-A

404 709 469 744 -so
476 694 603 745 dalis
620 695 877 744 seminarii
897 693 1193 760 philologici
1211 696 1275 745 de
1293 697 1527 747 versibus
1542 696 1892 760 compluribus
1903 696 2149 747 Rudentis
2164 698 2215 746 in
2230 697 2329 746 eis-

413 779 511 828 que
531 764 593 813 de
609 779 660 813 v.
675 761 778 813 312
799 779 910 828 sqq.
934 764 1269 829 disputarem,
1308 780 1467 814 senex
1484 764 1568 814 ille
1585 764 1891 814 venerabilis
1911 765 2119 815 comiter
2139 780 2219 814 me
2240 766 2331 815 do·

413 831 514 882 cuit
545 828 710 882 v.315
732 832 783 881 in
805 834 1052 897 scriptura
1072 823 1448 905 ‘nonnullorum
1466 849 1530 883 ex
1555 833 1693 882 libris
1711 824 1984 884 veteribus’
2001 833 2228 886 Lamum
2246 835 2334 901 qm·

411 901 536 952 treis
578 899 911 951 semihomines
946 901 1151 950 duceret
1184 901 1309 951 nihil
1346 902 1484 952 aliud
1519 902 1673 952 latere
1710 916 1862 964 quam
1898 917 2059 953 seeum
2092 903 2327 962 homines,

413 970 550 1033 quod
589 983 719 1019 nunc
752 984 853 1020 non
889 970 1115 1019 dubitavi
1151 972 1402 1035 recipere,
1447 985 1560 1020 oum
1600 972 1652 1019 in
1679 969 1775 1019 hac
1800 972 2122 1036 potissimum
2153 971 2331 1022 fabula

409 1038 564 1087 libros
615 1037 728 1086 illos
774 1038 1144 1088 Lauinunos
1196 1039 1277 1088 vel
1319 1041 1490 1104 potius
1537 1054 1695 1089 unum
1731 1039 1912 1089 librum
1945 1040 2224 1104 perbonum
2264 1054 2328 1100 ex

411 1123 510 1171 quo
546 1107 842 1156 Tvaumtvs
880 1115 927 1157 et
964 1107 1240 1157 LAunmvs
1277 1108 1361 1157 hic
1393 1108 1496 1158 illic
1533 1110 1809 1173 scripturas
1851 1109 2193 1176 discrepantes
2236 1125 2303 1159 ex

411 1182 701 1240 cerpserunt
745 1176 839 1240 (de
891 1191 990 1238 quo
1044 1188 1117 1225 ων
1156 1177 1275 1226 data
1319 1192 1471 1242 opera
1506 1178 1657 1243 egisti
1690 1178 1741 1226 in
1775 1177 1906 1227 Mus.
1944 1178 2107 1228 Rhen.
2142 1177 2319 1243 philol.

409 1254 545 1295 tomo
582 1245 669 1293 ΠΠ
705 1243 781 1309 (a.
807 1242 968 1310 1836)
1006 1242 1180 1310 p.529
1199 1244 1344 1311 sqq.)
1381 1245 1520 1296 haud
1553 1262 1666 1297 raro
1697 1245 1940 1296 Palatinis
1966 1255 2225 1312 praestare
2248 1247 2326 1295 in-

410 1313 733 1364 tellexissem.
775 1322 997 1364 ceterum
1030 1329 1151 1362 num
1183 1322 1345 1364 totum
1382 1314 1517 1363 hunc
1553 1314 1719 1364 locum
1754 1330 1910 1364 unum
1932 1331 1997 1364 ex
2016 1314 2330 1366 difficillimis

409 1383 579 1447 aliqua
624 1398 739 1434 cum
786 1382 1140 1448 probabilitate
1184 1384 1569 1432 instauraverim
1615 1396 1769 1431 ‘rvvn
1813 1391 2023 1448 expecto
2060 1385 2321 1434 iudicium.

411 1467 540 1513 quae
578 1460 747 1502 autem
782 1452 894 1516 ipse
931 1452 1064 1500 curis
1100 1450 1340 1499 secundis
1373 1451 1424 1499 iu
1462 1450 1558 1500 hac
1596 1449 1767 1500 fabula
1798 1453 2095 1516 corrigenda
2122 1454 2324 1518 repperi

408 1530 535 1580 haec
571 1538 704 1579 sunt.
777 1528 843 1579 V.
863 1524 968 1577 528
998 1527 1317 1577 scribendum
1342 1536 1417 1575 est
1446 1538 1476 1577 a
1524 1538 1552 1578 s
1580 1525 1646 1579 te
1674 1542 1768 1591 pro
1797 1543 1831 1577 a
1857 1528 1970 1578 ted.-
2007 1544 2055 1579 v.
2091 1525 2195 1581 608
2223 1539 2324 1580 me

406 1623 497 1673 pro
547 1607 659 1656 med
701 1604 847 1668 (vide
892 1617 1047 1666 supra
1093 1603 1159 1651 ad
1196 1602 1381 1668 Amph.
1407 1599 1473 1653 73
1511 1603 1563 1667 ):
1611 1620 1660 1651 v.
1689 1599 1793 1654 613
1828 1619 2031 1655 servare
2076 1606 2322 1657 debebam

406 1683 647 1734 librorum
687 1674 791 1731 hic
832 1694 923 1743 pro
959 1678 1052 1728 Ιιοο
1085 1679 1229 1743 (vide
1264 1693 1418 1744 supra
1455 1679 1520 1728 ad
1556 1679 1740 1744 Amph.
1765 1678 1919 1743 111):
1959 1698 2005 1730 v.
2030 1677 2135 1733 724
2170 1681 2322 1731 velim

406 1766 481 1814 sic
514 1764 775 1829 transponi
813 1755 952 1816 Νόῐι
992 1752 1174 1814 licet:
1230 1755 1319 1815 ita
1357 1752 1463 1815 ldx
1504 1762 1601 1815 est
1643 1762 1790 1836 aput
1829 1775 1975 1816 nos:
2022 1780 2068 1813 v.
2091 1760 2321 1814 7411·ον-

404 1850 542 1889 tasse
578 1840 763 1889 excidit
796 1855 901 1890 sum
933 1846 1052 1904 post
1085 1847 1261 1889 naeus:
1301 1855 1348 1890 v.
1376 1836 1508 1890 1019
1543 1855 1641 1888 non
1678 1847 1782 1889 erat
1822 1840 1959 1903 quod
1995 1855 2106 1889 cum
2135 1839 2319 1890 Rssxzio

404 1916 508 1967 Ast
555 1916 828 1967 scriberem
878 1930 971 1982 pro
1013 1907 1101 1967 At
1143 1915 1307 1965 forma
1357 1930 1510 1978 quam
1562 1915 1676 1964 libri
1721 1924 1921 1966 tuentur
1973 1915 2117 1982 (post
2159 1918 2324 1965 mari?

406 2000 538 2048 enim
574 1999 742 2048 hiatus
779 1996 911 2061 est):
964 2014 1012 2047 v.
1047 1994 1189 2048 1143·
1216 1995 1400 2046 vellem
1434 1997 1509 2046 sic
1539 1998 1855 2062 scripsissem
1906 1991 2043 2051 Ηόθ
2098 1991 2322 2051 habete

404 2073 691 2135 sollitust.
733 2074 929 2153 perii:
973 2095 1023 2128 v.
1047 2075 1184 2131 1173
1218 2078 1426 2144 peceavi
1460 2079 1598 2141 quod
1629 2081 1770 2130 vocis
1808 2081 2082 2148 dactylicae
2102 2082 2220 2144 filia
2241 2083 2320 2131 ul-

405 2159 574 2208 timam
612 2156 856 2223 syllabam
893 2155 1084 2206 intendi
1123 2168 1309 2220 passus
1350 2169 1487 2213 sum,
1531 2156 1669 2218 quod
1700 2171 1811 2205 cum
1843 2160 1938 2208 arti
1973 2166 2221 2222 repugnet
2247 2157 2319 2207 le-

403 2235 610 2285 nissime
657 2232 942 2298 (praecedit
994 2230 1128 2281 enim
1164 2230 1325 2297 queo)
1363 2231 1713 2296 corrigendum
1752 2233 1964 2282 arbitror
2018 2211 2124 2304 [ό]
2182 2245 2319 2285 mea

399 2305 561 2389 filia,
591 2309 790 2370 salue:
834 2331 881 2364 v.
899 2311 1033 2366 1357
1061 2315 1136 2364 sic
1157 2314 1391 2380 personis
1417 2313 1793 2363 distribuendus
1817 2315 2014 2365 videtur
2047 2309 2175 2370 GR.
2203 2309 2320 2369 Se-

403 2412 597 2473 quere
634 2394 766 2452 hac.
833 2392 987 2455 DAE.
1032 2391 1155 2454 Vbi
1195 2391 1339 2449 istic
1365 2388 1616 2449 lenost?
1689 2391 1818 2454 GR.
1869 2392 2041 2452 Heus
2072 2398 2171 2451 tu:
2218 2401 2319 2450 nisi

400 2480 596 2544 integer
633 2490 807 2527 versus
848 2476 1066 2538 excidit,
1119 2489 1237 2523 nam
1274 2488 1428 2538 aegre
1469 2473 1701 2535 desidero
1740 2489 2042 2539 responsum
2079 2476 2212 2525 servi
2250 2476 2317 2525 ad

402 2549 473 2596 eri
513 2548 594 2596 sui
631 2547 1018 2611 interrogatum,
1057 2543 1197 2595 velut
1233 2543 1302 2592 ad
1335 2541 1433 2592 hoc
1470 2543 1756 2608 exemplum

485 2631 613 2691 GR.
657 2629 937 2708 quuere
970 2629 1105 2689 hac.
1165 2625 1319 2687 ΒΑΕ.
1362 2626 1486 2688 Vbi
1525 2628 1667 2686 istic
1699 2624 1951 2687 lenost?
2006 2628 2133 2689 GR.
2169 2626 2317 2704 [Hie

1324 2716 1466 2769 ante
1496 2710 1718 2769 <istium
1747 2709 2148 2790 reliqueram:

483 2813 595 2874 set
636 2811 956 2890 eccillum,
997 2828 1196 2893 prope
1231 2808 1443 2887 istan]
1489 2809 1644 2868 heus
1675 2815 1775 2886 tu,
1822 2810 1899 2869 en
1929 2810 2077 2887 tibi,
2122 2809 2314 2869 habet

1315 2893 1417 2951 hic
1444 2891 1732 2953 nidulum.
1977 2932 1985 2939 -

533 3023 609 3072 De
651 3024 1061 3072 Trinummo
1116 3021 1199 3070 hic
1243 3021 1464 3086 primum
1508 3035 1595 3068 eos
1635 3018 1930 3069 indicandos
1969 3020 2093 3068 duxi
2134 3034 2316 3069 versus

399 3106 525 3156 quos
563 3092 707 3141 aliter
742 3106 803 3141 ac
836 3104 908 3140 ἰν
947 3089 1222 3140 instauravi
1265 3105 1331 3139 ex
1361 3105 1420 3139 eo
1451 3088 1682 3153 exemplo
1710 3087 1892 3138 harum
1923 3087 2207 3138 fabularum
2226 3103 2313 3137 cu-

396 3162 477 3210 ius
516 3160 734 3226 margini
776 3158 1290 3218 Scnwaazmmnvs,
1330 3165 1385 3208 ut
1425 3172 1583 3223 supra
1616 3158 1814 3207 narravi
1833 3193 1846 3215 ,
1894 3157 2168 3222 scripturas
2207 3157 2312 3206 dis-

397 3243 512 3293 crep
547 3237 657 3278 ntes
699 3228 815 3279 libri
847 3228 1171 3278 Ambrosiani
1208 3228 1527 3292 ascripserat.
1580 3227 1668 3289 qui
1702 3226 1780 3275 vir
1816 3225 2139 3276 doctissimus
2176 3225 2314 3288 quod

395 3299 446 3347 iu
481 3312 511 3346 a
531 3299 670 3359 iquot
704 3297 907 3363 paginis
945 3295 1079 3346 illius
1116 3296 1230 3346 libri
1268 3295 1527 3357 aliquanto
1564 3295 1712 3358 plura
1750 3294 1872 3359 legit
1913 3309 2063 3357 quam
2099 3307 2172 3343 mv
2211 3309 2312 3342 nou

396 3367 709 3416 mirabuntur
738 3366 826 3429 qui
864 3365 1207 3431 reputaverint
1242 3378 1357 3414 eum
1386 3363 1569 3414 duobis
1596 3363 1741 3411 aunis
1761 3370 1879 3411 ante
1895 3375 1970 3411 τις
1994 3363 2312 3413 membranas

318 3472 335 3489 .
395 3434 508 3484 illas
534 3435 852 3494 excussisse,
890 3447 1104 3496 quarum
1131 3432 1380 3482 hodierna
1409 3431 1633 3482 conditio
1669 3445 1820 3494 quam
1841 3443 1913 3479 ων
1936 3432 2311 3481 accuratissime
