<?xml version="1.0" encoding="UTF-8"?>
<!DOCTYPE html PUBLIC "-//W3C//DTD XHTML 1.0 Transitional//EN"
    "http://www.w3.org/TR/xhtml1/DTD/xhtml1-transitional.dtd">
<html xmlns="http://www.w3.org/1999/xhtml" xml:lang="en" lang="en">
 <head>
  <title>
</title>
<meta http-equiv="Content-Type" content="text/html;charset=utf-8" />
  <meta name='ocr-system' content='tesseract 3.04.00' />
  <meta name='ocr-capabilities' content='ocr_page ocr_carea ocr_par ocr_line ocrx_word'/>
</head>
<body>
  <div class='ocr_page' id='page_1' title='image "./comoediae01flecgoog_0373.png"; bbox 0 0 2584 3834; ppageno 0'>
   <div class='ocr_carea' id='block_1_1' title="bbox 2056 183 2178 251">
    <p class='ocr_par' dir='ltr' id='par_1_1' title="bbox 2056 183 2178 251">
     <span class='ocr_line' id='line_1_1' title="bbox 2056 183 2178 251; baseline 0.033 -4"><span class='ocrx_word' id='word_1_1' title='bbox 2056 183 2178 251; x_wconf 80' lang='lat'><strong>331</strong></span> 
     </span>
    </p>
   </div>
   <div class='ocr_carea' id='block_1_2' title="bbox 609 899 1929 1010">
    <p class='ocr_par' dir='ltr' id='par_1_2' title="bbox 609 899 1929 1010">
     <span class='ocr_line' id='line_1_2' title="bbox 609 899 1929 1010; baseline 0.001 -34"><span class='ocrx_word' id='word_1_2' title='bbox 609 908 848 977; x_wconf 72' lang='lat' dir='ltr'><strong>imm</strong></span> <span class='ocrx_word' id='word_1_3' title='bbox 894 906 1108 977; x_wconf 76' lang='lat' dir='ltr'><strong>nvivs</strong></span> <span class='ocrx_word' id='word_1_4' title='bbox 1146 899 1457 976; x_wconf 68' lang='lat' dir='ltr'><strong>mma</strong></span> <span class='ocrx_word' id='word_1_5' title='bbox 1500 906 1678 976; x_wconf 75' lang='lat' dir='ltr'><strong>mc</strong></span> <span class='ocrx_word' id='word_1_6' title='bbox 1718 905 1929 1010; x_wconf 67' lang='lat' dir='ltr'><strong>svn</strong></span> 
     </span>
    </p>
   </div>
   <div class='ocr_carea' id='block_1_3' title="bbox 297 1058 1664 1198">
    <p class='ocr_par' dir='ltr' id='par_1_3' title="bbox 297 1058 1664 1198">
     <span class='ocr_line' id='line_1_3' title="bbox 297 1058 1146 1115; baseline -0.001 0"><span class='ocrx_word' id='word_1_7' title='bbox 297 1058 357 1107; x_wconf 89' lang='lat' dir='ltr'><strong>V·</strong></span> <span class='ocrx_word' id='word_1_8' title='bbox 414 1061 446 1115; x_wconf 91' lang='lat' dir='ltr'>l</span> <span class='ocrx_word' id='word_1_9' title='bbox 482 1064 550 1114; x_wconf 80' lang='lat' dir='ltr'><strong>ad</strong></span> <span class='ocrx_word' id='word_1_10' title='bbox 582 1062 686 1115; x_wconf 86' lang='grc'><strong>222</strong></span> <span class='ocrx_word' id='word_1_11' title='bbox 719 1064 921 1114; x_wconf 85' lang='lat' dir='ltr'><strong>iambici</strong></span> <span class='ocrx_word' id='word_1_12' title='bbox 962 1065 1146 1115; x_wconf 87' lang='lat' dir='ltr'><strong>senarii</strong></span> 
     </span>
     <span class='ocr_line' id='line_1_4' title="bbox 326 1144 1664 1198; baseline -0.001 -2"><span class='ocrx_word' id='word_1_13' title='bbox 326 1176 351 1184; x_wconf 87' lang='lat'><em>-</em></span> <span class='ocrx_word' id='word_1_14' title='bbox 422 1144 527 1197; x_wconf 86' lang='grc'><strong>223</strong></span> <span class='ocrx_word' id='word_1_15' title='bbox 560 1147 627 1197; x_wconf 86' lang='lat' dir='ltr'><strong>ad</strong></span> <span class='ocrx_word' id='word_1_16' title='bbox 666 1144 765 1198; x_wconf 88' lang='grc'><strong>231</strong></span> <span class='ocrx_word' id='word_1_17' title='bbox 803 1146 1062 1198; x_wconf 88' lang='lat' dir='ltr'><strong>bacchiaci</strong></span> <span class='ocrx_word' id='word_1_18' title='bbox 1095 1149 1368 1198; x_wconf 88' lang='lat' dir='ltr'><strong>tetrametri</strong></span> <span class='ocrx_word' id='word_1_19' title='bbox 1405 1148 1664 1198; x_wconf 80' lang='lat' dir='ltr'><strong>acatalecti</strong></span> 
     </span>
    </p>
   </div>
   <div class='ocr_carea' id='block_1_4' title="bbox 213 1230 1438 1285">
    <p class='ocr_par' dir='ltr' id='par_1_4' title="bbox 213 1230 1438 1285">
     <span class='ocr_line' id='line_1_5' title="bbox 213 1230 1438 1285; baseline 0 -1"><span class='ocrx_word' id='word_1_20' title='bbox 213 1238 230 1254; x_wconf 83' lang='lat'><strong><em>&#39;</em></strong></span> <span class='ocrx_word' id='word_1_21' title='bbox 323 1260 345 1270; x_wconf 90' lang='lat'>-</span> <span class='ocrx_word' id='word_1_22' title='bbox 417 1230 523 1284; x_wconf 88' lang='grc'><strong>232</strong></span> <span class='ocrx_word' id='word_1_23' title='bbox 558 1232 858 1283; x_wconf 86' lang='lat' dir='ltr'><strong>bacchiacus</strong></span> <span class='ocrx_word' id='word_1_24' title='bbox 901 1235 1115 1285; x_wconf 83' lang='lat' dir='ltr'><strong>dimeter</strong></span> <span class='ocrx_word' id='word_1_25' title='bbox 1133 1234 1438 1285; x_wconf 86' lang='lat' dir='ltr'><strong>acataleetus</strong></span> 
     </span>
    </p>
   </div>
   <div class='ocr_carea' id='block_1_5' title="bbox 321 1313 1641 1886">
    <p class='ocr_par' dir='ltr' id='par_1_5' title="bbox 322 1313 1293 1383">
     <span class='ocr_line' id='line_1_6' title="bbox 322 1313 1293 1383; baseline 0 -16"><span class='ocrx_word' id='word_1_26' title='bbox 322 1346 348 1354; x_wconf 90' lang='lat'>-</span> <span class='ocrx_word' id='word_1_27' title='bbox 418 1313 523 1367; x_wconf 88' lang='grc'><strong>233</strong></span> <span class='ocrx_word' id='word_1_28' title='bbox 558 1325 608 1366; x_wconf 88' lang='lat' dir='ltr'><strong>et</strong></span> <span class='ocrx_word' id='word_1_29' title='bbox 646 1313 751 1369; x_wconf 91' lang='grc'><strong>234</strong></span> <span class='ocrx_word' id='word_1_30' title='bbox 784 1319 986 1368; x_wconf 79' lang='lat' dir='ltr'><strong>iambici</strong></span> <span class='ocrx_word' id='word_1_31' title='bbox 1022 1319 1293 1383; x_wconf 75' lang='lat' dir='ltr'><strong>septenarii</strong></span> 
     </span>
    </p>

    <p class='ocr_par' dir='ltr' id='par_1_6' title="bbox 337 1397 1441 1453">
     <span class='ocr_line' id='line_1_7' title="bbox 337 1397 1441 1453; baseline 0.001 -2"><span class='ocrx_word' id='word_1_32' title='bbox 337 1429 350 1439; x_wconf 92' lang='lat'><strong>·</strong></span> <span class='ocrx_word' id='word_1_33' title='bbox 416 1397 519 1451; x_wconf 89' lang='grc'><strong>235</strong></span> <span class='ocrx_word' id='word_1_34' title='bbox 554 1402 765 1451; x_wconf 87' lang='lat' dir='ltr'><strong>creticus</strong></span> <span class='ocrx_word' id='word_1_35' title='bbox 800 1409 1088 1453; x_wconf 76' lang='lat' dir='ltr'><strong>tetrameter</strong></span> <span class='ocrx_word' id='word_1_36' title='bbox 1122 1403 1441 1453; x_wconf 74' lang='lat' dir='ltr'><strong>catalecticus</strong></span> 
     </span>
    </p>

    <p class='ocr_par' dir='ltr' id='par_1_7' title="bbox 329 1481 1158 1552">
     <span class='ocr_line' id='line_1_8' title="bbox 329 1481 1158 1552; baseline 0 -16"><span class='ocrx_word' id='word_1_37' title='bbox 329 1510 351 1520; x_wconf 90' lang='lat'><strong>·</strong></span> <span class='ocrx_word' id='word_1_38' title='bbox 421 1481 525 1536; x_wconf 82' lang='lat'><strong>236</strong></span> <span class='ocrx_word' id='word_1_39' title='bbox 558 1486 807 1536; x_wconf 80' lang='lat' dir='ltr'><strong>iambicus</strong></span> <span class='ocrx_word' id='word_1_40' title='bbox 843 1492 1158 1552; x_wconf 76' lang='lat' dir='ltr'><strong>septenarius</strong></span> 
     </span>
    </p>

    <p class='ocr_par' dir='ltr' id='par_1_8' title="bbox 323 1564 1322 1632">
     <span class='ocr_line' id='line_1_9' title="bbox 323 1564 1322 1632; baseline 0.001 -14"><span class='ocrx_word' id='word_1_41' title='bbox 323 1597 348 1605; x_wconf 88' lang='lat'>-</span> <span class='ocrx_word' id='word_1_42' title='bbox 417 1564 521 1620; x_wconf 87' lang='grc'><strong>237</strong></span> <span class='ocrx_word' id='word_1_43' title='bbox 556 1576 605 1617; x_wconf 87' lang='lat' dir='ltr'><strong>et</strong></span> <span class='ocrx_word' id='word_1_44' title='bbox 638 1566 743 1621; x_wconf 82' lang='grc'><strong>238</strong></span> <span class='ocrx_word' id='word_1_45' title='bbox 775 1570 1013 1620; x_wconf 79' lang='lat' dir='ltr'><strong>trochaici</strong></span> <span class='ocrx_word' id='word_1_46' title='bbox 1050 1570 1322 1632; x_wconf 83' lang='lat' dir='ltr'><strong>septenarii</strong></span> 
     </span>
    </p>

    <p class='ocr_par' dir='ltr' id='par_1_9' title="bbox 322 1648 1641 1788">
     <span class='ocr_line' id='line_1_10' title="bbox 322 1648 1641 1705; baseline 0.002 -3"><span class='ocrx_word' id='word_1_47' title='bbox 322 1677 342 1685; x_wconf 94' lang='lat'><strong>·</strong></span> <span class='ocrx_word' id='word_1_48' title='bbox 414 1648 519 1703; x_wconf 87' lang='grc'><strong>239</strong></span> <span class='ocrx_word' id='word_1_49' title='bbox 554 1659 604 1701; x_wconf 91' lang='lat' dir='ltr'><strong>et</strong></span> <span class='ocrx_word' id='word_1_50' title='bbox 638 1650 743 1704; x_wconf 87' lang='grc'><strong>240</strong></span> <span class='ocrx_word' id='word_1_51' title='bbox 775 1652 1030 1705; x_wconf 76' lang='lat' dir='ltr'><strong>bacchiaci</strong></span> <span class='ocrx_word' id='word_1_52' title='bbox 1066 1659 1341 1704; x_wconf 82' lang='lat' dir='ltr'><strong>tetrametri</strong></span> <span class='ocrx_word' id='word_1_53' title='bbox 1378 1651 1641 1705; x_wconf 71' lang='lat' dir='ltr'><strong>acatalecti</strong></span> 
     </span>
     <span class='ocr_line' id='line_1_11' title="bbox 323 1734 1449 1788; baseline -0.001 -1"><span class='ocrx_word' id='word_1_54' title='bbox 323 1765 348 1775; x_wconf 81' lang='lat'><em>-</em></span> <span class='ocrx_word' id='word_1_55' title='bbox 416 1734 518 1787; x_wconf 90' lang='grc'><strong>241</strong></span> <span class='ocrx_word' id='word_1_56' title='bbox 553 1736 857 1787; x_wconf 88' lang='lat' dir='ltr'><strong>bacchiacus</strong></span> <span class='ocrx_word' id='word_1_57' title='bbox 895 1739 1109 1788; x_wconf 82' lang='lat' dir='ltr'><strong>dimeter</strong></span> <span class='ocrx_word' id='word_1_58' title='bbox 1143 1735 1449 1787; x_wconf 87' lang='lat' dir='ltr'><strong>acatalectus</strong></span> 
     </span>
    </p>

    <p class='ocr_par' dir='ltr' id='par_1_10' title="bbox 321 1817 1192 1886">
     <span class='ocr_line' id='line_1_12' title="bbox 321 1817 1192 1886; baseline -0.001 -16"><span class='ocrx_word' id='word_1_59' title='bbox 321 1846 349 1855; x_wconf 76' lang='lat'><em>-</em></span> <span class='ocrx_word' id='word_1_60' title='bbox 418 1817 524 1870; x_wconf 89' lang='grc'><strong>242</strong></span> <span class='ocrx_word' id='word_1_61' title='bbox 557 1818 841 1870; x_wconf 75' lang='lat' dir='ltr'><strong>trochaicus</strong></span> <span class='ocrx_word' id='word_1_62' title='bbox 877 1821 1192 1886; x_wconf 67' lang='lat' dir='ltr'><strong>septenarius</strong></span> 
     </span>
    </p>
   </div>
   <div class='ocr_carea' id='block_1_6' title="bbox 321 1900 1588 2039">
    <p class='ocr_par' dir='ltr' id='par_1_11' title="bbox 321 1900 1588 2039">
     <span class='ocr_line' id='line_1_13' title="bbox 321 1900 1451 1955; baseline 0 -2"><span class='ocrx_word' id='word_1_63' title='bbox 321 1931 346 1939; x_wconf 86' lang='lat'>-</span> <span class='ocrx_word' id='word_1_64' title='bbox 416 1900 521 1955; x_wconf 80' lang='lat'><strong>243</strong></span> <span class='ocrx_word' id='word_1_65' title='bbox 552 1903 765 1953; x_wconf 88' lang='lat' dir='ltr'><strong>creticus</strong></span> <span class='ocrx_word' id='word_1_66' title='bbox 801 1910 1091 1955; x_wconf 88' lang='lat' dir='ltr'><strong>tetrameter</strong></span> <span class='ocrx_word' id='word_1_67' title='bbox 1124 1904 1451 1954; x_wconf 82' lang='lat' dir='ltr'><strong>acatalectus‘</strong></span> 
     </span>
     <span class='ocr_line' id='line_1_14' title="bbox 321 1983 1588 2039; baseline 0.002 -3"><span class='ocrx_word' id='word_1_68' title='bbox 321 2012 349 2021; x_wconf 88' lang='lat'><em>-</em></span> <span class='ocrx_word' id='word_1_69' title='bbox 417 1983 524 2036; x_wconf 83' lang='grc'><strong>244</strong></span> <span class='ocrx_word' id='word_1_70' title='bbox 555 1986 624 2036; x_wconf 82' lang='lat' dir='ltr'><strong>ad</strong></span> <span class='ocrx_word' id='word_1_71' title='bbox 658 1984 762 2039; x_wconf 84' lang='grc'><strong>246</strong></span> <span class='ocrx_word' id='word_1_72' title='bbox 797 1987 968 2037; x_wconf 87' lang='lat' dir='ltr'><strong>cretici</strong></span> <span class='ocrx_word' id='word_1_73' title='bbox 998 1988 1275 2037; x_wconf 88' lang='lat' dir='ltr'><strong>tetrametri</strong></span> <span class='ocrx_word' id='word_1_74' title='bbox 1312 1986 1588 2038; x_wconf 76' lang='lat' dir='ltr'><strong>catalectici</strong></span> 
     </span>
    </p>
   </div>
   <div class='ocr_carea' id='block_1_7' title="bbox 311 2065 1639 3473">
    <p class='ocr_par' dir='ltr' id='par_1_12' title="bbox 311 2065 1639 3473">
     <span class='ocr_line' id='line_1_15' title="bbox 316 2065 1585 2124; baseline 0.001 -4"><span class='ocrx_word' id='word_1_75' title='bbox 316 2095 346 2104; x_wconf 87' lang='lat'><strong>-—</strong></span> <span class='ocrx_word' id='word_1_76' title='bbox 414 2065 519 2121; x_wconf 84' lang='grc'><strong>247</strong></span> <span class='ocrx_word' id='word_1_77' title='bbox 551 2070 617 2119; x_wconf 85' lang='lat' dir='ltr'><strong>ad</strong></span> <span class='ocrx_word' id='word_1_78' title='bbox 651 2069 755 2124; x_wconf 88' lang='grc'><strong>249</strong></span> <span class='ocrx_word' id='word_1_79' title='bbox 790 2071 1035 2122; x_wconf 82' lang='lat' dir='ltr'><strong>trochaici</strong></span> <span class='ocrx_word' id='word_1_80' title='bbox 1071 2072 1271 2122; x_wconf 86' lang='lat' dir='ltr'><strong>dimetri</strong></span> <span class='ocrx_word' id='word_1_81' title='bbox 1307 2071 1585 2121; x_wconf 75' lang='lat' dir='ltr'><strong>catalectici</strong></span> 
     </span>
     <span class='ocr_line' id='line_1_16' title="bbox 328 2151 1570 2207; baseline 0.002 -2"><span class='ocrx_word' id='word_1_82' title='bbox 328 2181 336 2188; x_wconf 95' lang='lat'><strong>·</strong></span> <span class='ocrx_word' id='word_1_83' title='bbox 411 2151 516 2205; x_wconf 89' lang='grc'><strong>250</strong></span> <span class='ocrx_word' id='word_1_84' title='bbox 548 2161 598 2203; x_wconf 90' lang='lat' dir='ltr'><strong>et</strong></span> <span class='ocrx_word' id='word_1_85' title='bbox 631 2153 735 2207; x_wconf 90' lang='grc'><strong>251</strong></span> <span class='ocrx_word' id='word_1_86' title='bbox 772 2155 941 2205; x_wconf 80' lang='lat' dir='ltr'><strong>cretici</strong></span> <span class='ocrx_word' id='word_1_87' title='bbox 976 2155 1253 2206; x_wconf 85' lang='lat' dir='ltr'><strong>tetrametri</strong></span> <span class='ocrx_word' id='word_1_88' title='bbox 1289 2153 1570 2207; x_wconf 84' lang='lat' dir='ltr'><strong>catalectici</strong></span> 
     </span>
     <span class='ocr_line' id='line_1_17' title="bbox 319 2236 1153 2292; baseline 0.005 -6"><span class='ocrx_word' id='word_1_89' title='bbox 319 2265 345 2276; x_wconf 88' lang='lat'>-</span> <span class='ocrx_word' id='word_1_90' title='bbox 413 2236 517 2289; x_wconf 85' lang='grc'><strong>252</strong></span> <span class='ocrx_word' id='word_1_91' title='bbox 550 2239 831 2290; x_wconf 84' lang='lat' dir='ltr'><strong>trochaicus</strong></span> <span class='ocrx_word' id='word_1_92' title='bbox 866 2245 1153 2292; x_wconf 85' lang='lat' dir='ltr'><strong>octonarius</strong></span> 
     </span>
     <span class='ocr_line' id='line_1_18' title="bbox 314 2318 1190 2388; baseline -0.001 -15"><span class='ocrx_word' id='word_1_93' title='bbox 314 2349 340 2357; x_wconf 90' lang='lat'>-</span> <span class='ocrx_word' id='word_1_94' title='bbox 412 2318 518 2373; x_wconf 87' lang='grc'><strong>253</strong></span> <span class='ocrx_word' id='word_1_95' title='bbox 552 2321 840 2371; x_wconf 81' lang='lat' dir='ltr'><strong>trochaicus</strong></span> <span class='ocrx_word' id='word_1_96' title='bbox 875 2325 1190 2388; x_wconf 85' lang='lat' dir='ltr'><strong>septenarius</strong></span> 
     </span>
     <span class='ocr_line' id='line_1_19' title="bbox 314 2405 1123 2457; baseline -0.001 -1"><span class='ocrx_word' id='word_1_97' title='bbox 314 2432 342 2442; x_wconf 87' lang='lat'><em>-</em></span> <span class='ocrx_word' id='word_1_98' title='bbox 412 2405 517 2457; x_wconf 88' lang='grc'><strong>255</strong></span> <span class='ocrx_word' id='word_1_99' title='bbox 553 2406 801 2456; x_wconf 85' lang='lat' dir='ltr'><strong>iambicus</strong></span> <span class='ocrx_word' id='word_1_100' title='bbox 836 2408 1123 2456; x_wconf 88' lang='lat' dir='ltr'><strong>octonarius</strong></span> 
     </span>
     <span class='ocr_line' id='line_1_20' title="bbox 316 2485 1639 2541; baseline 0.001 -2"><span class='ocrx_word' id='word_1_101' title='bbox 316 2515 344 2524; x_wconf 92' lang='lat'><em>-</em></span> <span class='ocrx_word' id='word_1_102' title='bbox 410 2485 517 2540; x_wconf 89' lang='grc'><strong>256</strong></span> <span class='ocrx_word' id='word_1_103' title='bbox 551 2497 599 2538; x_wconf 91' lang='lat' dir='ltr'><strong>et</strong></span> <span class='ocrx_word' id='word_1_104' title='bbox 633 2485 737 2541; x_wconf 89' lang='grc'><strong>257</strong></span> <span class='ocrx_word' id='word_1_105' title='bbox 772 2488 1030 2539; x_wconf 88' lang='lat' dir='ltr'><strong>bacchiaci</strong></span> <span class='ocrx_word' id='word_1_106' title='bbox 1061 2488 1338 2539; x_wconf 88' lang='lat' dir='ltr'><strong>tetrametri</strong></span> <span class='ocrx_word' id='word_1_107' title='bbox 1380 2488 1639 2540; x_wconf 79' lang='lat' dir='ltr'><strong>acatalecti</strong></span> 
     </span>
     <span class='ocr_line' id='line_1_21' title="bbox 317 2570 1440 2625; baseline -0.002 0"><span class='ocrx_word' id='word_1_108' title='bbox 317 2599 344 2611; x_wconf 90' lang='lat'><strong>-·</strong></span> <span class='ocrx_word' id='word_1_109' title='bbox 413 2570 519 2625; x_wconf 90' lang='grc'><strong>258</strong></span> <span class='ocrx_word' id='word_1_110' title='bbox 553 2572 851 2624; x_wconf 87' lang='lat' dir='ltr'><strong>bacchiacus</strong></span> <span class='ocrx_word' id='word_1_111' title='bbox 881 2574 1107 2623; x_wconf 87' lang='lat' dir='ltr'><strong>trimeter</strong></span> <span class='ocrx_word' id='word_1_112' title='bbox 1138 2573 1440 2623; x_wconf 85' lang='lat' dir='ltr'><strong>acatalectus</strong></span> 
     </span>
     <span class='ocr_line' id='line_1_22' title="bbox 326 2653 1123 2708; baseline -0.003 -1"><span class='ocrx_word' id='word_1_113' title='bbox 326 2683 342 2692; x_wconf 91' lang='lat'>-</span> <span class='ocrx_word' id='word_1_114' title='bbox 414 2653 517 2708; x_wconf 83' lang='lat'><strong>259</strong></span> <span class='ocrx_word' id='word_1_115' title='bbox 552 2657 798 2707; x_wconf 87' lang='lat' dir='ltr'><strong>iambicus</strong></span> <span class='ocrx_word' id='word_1_116' title='bbox 835 2658 1123 2707; x_wconf 86' lang='lat' dir='ltr'><strong>octonarius</strong></span> 
     </span>
     <span class='ocr_line' id='line_1_23' title="bbox 311 2740 1388 2794; baseline -0.003 -1"><span class='ocrx_word' id='word_1_117' title='bbox 311 2767 342 2777; x_wconf 74' lang='lat'>-</span> <span class='ocrx_word' id='word_1_118' title='bbox 411 2740 519 2794; x_wconf 91' lang='grc'><strong>260</strong></span> <span class='ocrx_word' id='word_1_119' title='bbox 548 2742 796 2792; x_wconf 83' lang='lat' dir='ltr'><strong>iambicus</strong></span> <span class='ocrx_word' id='word_1_120' title='bbox 830 2742 1044 2792; x_wconf 83' lang='lat' dir='ltr'><strong>dimeter</strong></span> <span class='ocrx_word' id='word_1_121' title='bbox 1078 2740 1388 2791; x_wconf 85' lang='lat' dir='ltr'><strong>acataleetus</strong></span> 
     </span>
     <span class='ocr_line' id='line_1_24' title="bbox 318 2824 1637 2880; baseline -0.003 -1"><span class='ocrx_word' id='word_1_122' title='bbox 318 2855 344 2864; x_wconf 83' lang='lat'>-</span> <span class='ocrx_word' id='word_1_123' title='bbox 412 2825 516 2880; x_wconf 88' lang='grc'><strong>261</strong></span> <span class='ocrx_word' id='word_1_124' title='bbox 552 2836 600 2878; x_wconf 92' lang='lat' dir='ltr'><strong>et</strong></span> <span class='ocrx_word' id='word_1_125' title='bbox 631 2825 736 2879; x_wconf 87' lang='grc'><strong>262</strong></span> <span class='ocrx_word' id='word_1_126' title='bbox 770 2826 1027 2877; x_wconf 86' lang='lat' dir='ltr'><strong>bacchiaci</strong></span> <span class='ocrx_word' id='word_1_127' title='bbox 1060 2826 1341 2877; x_wconf 84' lang='lat' dir='ltr'><strong>tetrametri</strong></span> <span class='ocrx_word' id='word_1_128' title='bbox 1376 2824 1637 2876; x_wconf 80' lang='lat' dir='ltr'><strong>acatalecti</strong></span> 
     </span>
     <span class='ocr_line' id='line_1_25' title="bbox 315 2909 1291 2964; baseline -0.002 -2"><span class='ocrx_word' id='word_1_129' title='bbox 315 2937 332 2947; x_wconf 91' lang='lat'>-</span> <span class='ocrx_word' id='word_1_130' title='bbox 410 2909 516 2964; x_wconf 80' lang='lat'><strong>264</strong></span> <span class='ocrx_word' id='word_1_131' title='bbox 548 2919 598 2963; x_wconf 86' lang='lat' dir='ltr'><strong>et</strong></span> <span class='ocrx_word' id='word_1_132' title='bbox 630 2909 734 2963; x_wconf 87' lang='grc'><strong>265</strong></span> <span class='ocrx_word' id='word_1_133' title='bbox 770 2911 1010 2962; x_wconf 87' lang='lat' dir='ltr'><strong>trochaici</strong></span> <span class='ocrx_word' id='word_1_134' title='bbox 1047 2912 1291 2962; x_wconf 87' lang='lat' dir='ltr'><strong>octonarii</strong></span> 
     </span>
     <span class='ocr_line' id='line_1_26' title="bbox 313 2994 1503 3050; baseline 0.001 -3"><span class='ocrx_word' id='word_1_135' title='bbox 313 3023 328 3031; x_wconf 93' lang='lat'><strong>·</strong></span> <span class='ocrx_word' id='word_1_136' title='bbox 405 2994 510 3049; x_wconf 88' lang='grc'><strong>266</strong></span> <span class='ocrx_word' id='word_1_137' title='bbox 543 2996 845 3048; x_wconf 86' lang='lat' dir='ltr'><strong>bacchiacus</strong></span> <span class='ocrx_word' id='word_1_138' title='bbox 877 3005 1165 3050; x_wconf 69' lang='lat' dir='ltr'><strong>tetrameter</strong></span> <span class='ocrx_word' id='word_1_139' title='bbox 1196 2996 1503 3048; x_wconf 84' lang='lat' dir='ltr'><strong>acatalectus</strong></span> 
     </span>
     <span class='ocr_line' id='line_1_27' title="bbox 317 3081 1572 3137; baseline 0 -2"><span class='ocrx_word' id='word_1_140' title='bbox 317 3112 341 3121; x_wconf 84' lang='lat'>-</span> <span class='ocrx_word' id='word_1_141' title='bbox 409 3082 513 3137; x_wconf 85' lang='grc'><strong>267</strong></span> <span class='ocrx_word' id='word_1_142' title='bbox 551 3086 616 3134; x_wconf 88' lang='lat' dir='ltr'><strong>ad</strong></span> <span class='ocrx_word' id='word_1_143' title='bbox 648 3081 751 3137; x_wconf 87' lang='grc'><strong>275</strong></span> <span class='ocrx_word' id='word_1_144' title='bbox 787 3086 957 3136; x_wconf 89' lang='lat' dir='ltr'><strong>cretici</strong></span> <span class='ocrx_word' id='word_1_145' title='bbox 990 3089 1264 3137; x_wconf 88' lang='lat' dir='ltr'><strong>tetrametri</strong></span> <span class='ocrx_word' id='word_1_146' title='bbox 1300 3084 1572 3136; x_wconf 76' lang='lat' dir='ltr'><strong>catalectici</strong></span> 
     </span>
     <span class='ocr_line' id='line_1_28' title="bbox 316 3164 1417 3220; baseline -0.002 -1"><span class='ocrx_word' id='word_1_147' title='bbox 316 3192 345 3202; x_wconf 85' lang='lat'>-</span> <span class='ocrx_word' id='word_1_148' title='bbox 408 3164 513 3220; x_wconf 88' lang='grc'><strong>276</strong></span> <span class='ocrx_word' id='word_1_149' title='bbox 548 3169 759 3218; x_wconf 85' lang='lat' dir='ltr'><strong>creticus</strong></span> <span class='ocrx_word' id='word_1_150' title='bbox 793 3175 1080 3220; x_wconf 86' lang='lat' dir='ltr'><strong>tetrameter</strong></span> <span class='ocrx_word' id='word_1_151' title='bbox 1113 3169 1417 3220; x_wconf 63' lang='lat' dir='ltr'><strong>acatalecto!</strong></span> 
     </span>
     <span class='ocr_line' id='line_1_29' title="bbox 410 3246 1631 3303; baseline 0 -3"><span class='ocrx_word' id='word_1_152' title='bbox 410 3247 512 3300; x_wconf 87' lang='grc'><strong>277</strong></span> <span class='ocrx_word' id='word_1_153' title='bbox 549 3258 595 3299; x_wconf 89' lang='lat' dir='ltr'><strong>et</strong></span> <span class='ocrx_word' id='word_1_154' title='bbox 630 3246 736 3302; x_wconf 89' lang='grc'><strong>278</strong></span> <span class='ocrx_word' id='word_1_155' title='bbox 768 3251 1025 3301; x_wconf 83' lang='lat' dir='ltr'><strong>baeehiaci</strong></span> <span class='ocrx_word' id='word_1_156' title='bbox 1060 3254 1338 3303; x_wconf 84' lang='lat' dir='ltr'><strong>tetrametri</strong></span> <span class='ocrx_word' id='word_1_157' title='bbox 1373 3249 1631 3302; x_wconf 78' lang='lat' dir='ltr'><strong>acatalecti</strong></span> 
     </span>
     <span class='ocr_line' id='line_1_30' title="bbox 319 3332 1571 3388; baseline -0.001 -1"><span class='ocrx_word' id='word_1_158' title='bbox 319 3360 344 3369; x_wconf 83' lang='lat'><strong>·</strong></span> <span class='ocrx_word' id='word_1_159' title='bbox 405 3332 511 3387; x_wconf 90' lang='grc'><strong>279</strong></span> <span class='ocrx_word' id='word_1_160' title='bbox 550 3337 616 3387; x_wconf 85' lang='lat' dir='ltr'><strong>ad</strong></span> <span class='ocrx_word' id='word_1_161' title='bbox 646 3333 747 3388; x_wconf 81' lang='lat'><strong>281</strong></span> <span class='ocrx_word' id='word_1_162' title='bbox 785 3337 952 3386; x_wconf 85' lang='lat' dir='ltr'><strong>cretici</strong></span> <span class='ocrx_word' id='word_1_163' title='bbox 991 3338 1268 3387; x_wconf 87' lang='lat' dir='ltr'><strong>tetrametri</strong></span> <span class='ocrx_word' id='word_1_164' title='bbox 1306 3336 1571 3387; x_wconf 85' lang='lat' dir='ltr'><strong>acatalecti</strong></span> 
     </span>
     <span class='ocr_line' id='line_1_31' title="bbox 322 3418 1529 3473; baseline -0.001 0"><span class='ocrx_word' id='word_1_165' title='bbox 322 3446 339 3456; x_wconf 92' lang='lat'><em>-</em></span> <span class='ocrx_word' id='word_1_166' title='bbox 406 3418 512 3473; x_wconf 86' lang='grc'><strong>282</strong></span> <span class='ocrx_word' id='word_1_167' title='bbox 544 3421 789 3471; x_wconf 83' lang='lat' dir='ltr'><strong>iambicus</strong></span> <span class='ocrx_word' id='word_1_168' title='bbox 827 3422 1112 3472; x_wconf 73' lang='lat' dir='ltr'><strong>octonarius</strong></span> <span class='ocrx_word' id='word_1_169' title='bbox 1518 3423 1529 3436; x_wconf 78' lang='lat'>‘</span> 
     </span>
    </p>
   </div>
  </div>
 </body>
</html>
