2584 3834
842 235 930 286 ΑΙ)
964 235 1127 288 Fun).
1167 234 1610 288 RITSCHELIVM.
2091 241 2178 291 Vll

260 389 577 454 ruptelarum
616 388 809 440 fontem
846 402 947 438 nou
988 387 1147 438 fnisse
1181 388 1336 439 alium
1369 390 1470 439 nisi
1510 390 1671 452 quod,
1712 404 1826 440 cum
1858 392 1911 442 in
1943 391 2179 442 familiari

264 471 502 507 sermone
546 456 793 523 plurimae
842 470 997 507 voces
1038 456 1120 507 vel
1168 458 1350 509 abesse
1386 458 1462 508 vel
1501 457 1736 508 accedere
1771 459 1852 509 vel
1884 461 2025 511 vario
2063 475 2178 510 sese

266 526 445 575 ordine
483 527 712 592 excipere
752 524 887 575 nullo
926 526 1199 575 sententiae
1240 533 1391 589 atque
1418 527 1547 576 adeo
1574 527 1852 592 elegantiae
1881 528 2175 579 detrimento

263 601 504 657 possent,
539 594 720 644 horum
748 591 873 643 nihil
912 608 1013 643 uon
1052 593 1367 644 librariorum
1406 609 1607 658 quoque
1643 594 1846 646 levitate
1886 597 2150 662 impruden

264 669 343 711 ter
379 663 727 713 admitteretur
762 652 1092 727 saepissime'.
1139 663 1277 725 quod
1314 669 1481 712 autem
1523 676 1758 714 versuum
1807 665 1989 728 quibus
2013 679 2175 716 uncos

265 730 577 781 circumdedi
621 731 750 781 alios
785 738 841 780 ut
876 729 1091 780 relicuos
1133 742 1310 780 omnes
1360 731 1591 796 apicibus
1621 732 1717 783 insi
1757 733 1861 784 nivi
1906 734 2035 784 alios
2074 749 2175 784 non

264 799 541 864 insignivi,
579 798 677 848 hoc
711 812 773 848 ea
807 798 871 849 de
894 811 1050 848 cansa
1072 796 1258 848 factum
1298 812 1411 849 esse
1451 801 1578 850 scito
1617 800 1812 851 utiles
1835 816 1915 852 me
1940 803 2178 865 antiquae

266 866 644 932 dittographiae
689 866 928 930 reliquias
943 903 957 926 ‚
997 865 1093 916 hos
1132 874 1218 918 aut
1243 881 1440 932 pannos
1463 883 1495 918 a
1517 867 1690 918 sciolis
1713 869 1997 936 explicandi
2022 885 2177 921 causa

267 943 506 986 consutos
551 943 639 985 aut
677 948 857 987 verens
887 935 1150 986 Plautinos
1193 938 1399 999 quidem
1440 938 1535 989 sed
1572 937 1776 989 aliunde
1810 941 1998 1004 petitos
2033 947 2084 989 et
2123 941 2174 989 in

267 1005 497 1070 margine
539 1005 761 1070 primum
810 1004 1072 1069 adpositos
1116 1013 1234 1069 post
1277 1013 1445 1055 autem
1480 1007 1532 1055 in
1565 1019 1805 1056 versuum
1839 1008 2173 1073 genuinorum

269 1072 647 1123 continuitatem
685 1086 806 1123 casu
854 1072 1080 1138 inlapsos
1115 1071 1341 1123 iudicare
1377 1073 1730 1139 significarem.
1780 1083 1827 1125 et
1865 1077 1915 1125 in
1951 1074 2051 1126 hoc
2085 1090 2174 1141 ge·

271 1155 385 1190 nere
431 1155 545 1191 sero
592 1141 700 1191 vidi
745 1156 825 1190 me
872 1140 1003 1191 Rud.
1030 1136 1097 1191 56
1134 1140 1241 1205 (cll.
1264 1158 1313 1190 v.
1336 1138 1465 1206 ⁵41)
1502 1157 1601 1192 non
1646 1149 1781 1192 recte
1833 1142 2059 1209 apicibus
2097 1145 2173 1192 in·-

267 1209 540 1275 signivisse
578 1222 707 1272 quos
745 1209 938 1259 deletos
986 1209 1134 1258 velim
1166 1217 1222 1258 ut
1256 1217 1390 1258 recte
1429 1224 1515 1259 eos
1554 1209 1717 1261 delevi
1754 1209 1895 1276 Capt.
1915 1209 2023 1263 324
2062 1210 2170 1275 (cll.

268 1277 445 1327 AuLII
483 1276 508 1327 1
544 1276 644 1343 44)
681 1284 730 1327 et
773 1277 905 1328 Rud.
927 1273 1031 1328 594
1063 1275 1171 1342 (cll.
1191 1276 1407 1327 Merc.11
1445 1275 1470 1326 1
1508 1277 1544 1328 2
1579 1287 1628 1328 ct
1667 1279 1718 1327 in
1761 1282 2053 1330 universum
2100 1283 2176 1330 cis

272 1361 399 1408 qnae
434 1359 511 1397 ων
542 1348 595 1396 in
627 1345 874 1411 Philologi
909 1346 1077 1396 tom.1
1112 1359 1164 1411 p.
1185 1342 1290 1398 306
1326 1361 1438 1409 sqq.
1480 1345 1811 1410 exposuisti):
1848 1350 1968 1398 item
2004 1350 2173 1414 apices

271 1413 408 1479 Capt.
430 1411 503 1466 48
537 1414 730 1465 deletos
776 1414 944 1465 velim.
992 1422 1257 1479 praeterea
1290 1429 1357 1465 ne
1389 1414 1476 1464 alii
1512 1414 1562 1464 in
1601 1428 1819 1464 errorem
1854 1415 2177 1480 impellantur

267 1482 348 1532 hic
390 1483 715 1533 indicandum
762 1484 974 1533 arbitror
1018 1481 1191 1533 Militis
1236 1497 1437 1535 versum
1480 1479 1613 1535 1181
1648 1483 1789 1532 uncis
1823 1483 2074 1534 inclusum
2108 1486 2175 1534 ad

268 1552 460 1605 nullum
503 1552 683 1602 horum
727 1566 965 1617 generum
1007 1552 1257 1616 pertinere
1303 1552 1397 1602 sed
1436 1551 1841 1617 supplementum
1890 1567 2005 1602 esse
2040 1567 2070 1602 a
2102 1566 2175 1602 ‘m

269 1619 531 1670 confictum
566 1620 662 1684 (cs.
696 1620 824 1670 Mus.
862 1619 1039 1685 philol.
1059 1620 1152 1670 vu
1183 1634 1234 1684 p.
1254 1616 1360 1672 317
1397 1619 1507 1684 sq.)
1534 1620 1697 1684 quod,
1738 1635 1852 1671 cum
1884 1621 2005 1672 alibi
2041 1629 2176 1671 totos

268 1703 445 1739 versus
481 1685 527 1739 a'
549 1703 623 1741 'ru
668 1690 736 1740 ad
770 1689 1047 1754 explendas
1080 1687 1289 1739 lacunas
1326 1688 1515 1748 factos,
1559 1690 1791 1753 quamvis
1826 1690 2090 1757 ingeniose
2126 1698 2176 1739 et

266 1758 526 1807 Plautinae
562 1758 914 1809 consuetudini
950 1758 1304 1807 convenienter
1336 1758 1542 1822 procusi
1578 1764 1770 1818 essent,
1808 1773 2059 1823 nusquam
2094 1774 2172 1807 re·

269 1829 434 1892 cipere
471 1826 551 1876 fas
587 1827 907 1886 habuissem,
954 1825 1040 1877 illo
1072 1833 1239 1876 tamen
1276 1824 1386 1874 loco
1421 1834 1702 1890 temperare
1734 1824 1858 1876 mihi
1893 1841 1995 1878 non
2031 1827 2167 1892 potu-⁶

268 1896 386 1958 quin
421 1896 552 1946 inter
586 1909 765 1946 versus
796 1893 1053 1945 Plautinos
1089 1894 1404 1944 asciscerem.

403 1965 460 2014 In
505 1979 691 2030 genere
738 1963 1128 2029 orthographica
1177 1963 1244 2013 ad
1293 1970 1481 2013 certam
1524 1962 1852 2013 constantiam
1888 1963 2176 2015 revocando

271 2034 395 2083 ultro
436 2033 643 2083 easdem
689 2033 796 2083 sere
830 2033 1051 2083 rationes
1087 2039 1292 2081 secutus
1330 2045 1467 2082 eram
1503 2046 1630 2094 quas
1664 2044 1737 2082 ’Π
1773 2033 1825 2083 in
1860 2031 2176 2097 praefatione

271 2101 424 2151 Stichi
467 2117 518 2167 p.
541 2115 637 2152 xv1
672 2102 746 2152 eis
791 2102 878 2164 qui
912 2109 1029 2165 post
1064 2113 1134 2150 ‘rs
1168 2100 1400 2150 Plautum
1436 2100 1620 2151 edituri
1651 2107 1821 2151 essent
1852 2101 2174 2151 commenda-

268 2170 398 2220 visti.
442 2171 626 2221 debere
659 2177 828 2220 autem
863 2170 1004 2219 visus
1040 2183 1154 2219 sum
1188 2170 1262 2218 eis
1296 2170 1383 2232 qui
1416 2167 1514 2218 hac
1548 2183 1702 2235 opera
1737 2169 1876 2218 usuri
1914 2177 2083 2219 essent
2118 2175 2176 2218 ut

270 2240 489 2303 potiores
526 2254 614 2289 eas
655 2252 735 2289 res
773 2234 957 2302 quibus
995 2236 1359 2303 orthographia
1393 2239 1445 2287 in
1481 2236 1577 2287 hac
1611 2236 1831 2288 editione
1868 2252 1933 2287 ex
1970 2239 2174 2303 optimis

269 2307 407 2358 libris
456 2316 506 2357 et
547 2309 985 2374 grammaticorum
1033 2314 1262 2356 veterum
1310 2306 1612 2357 testimoniis
1643 2312 1878 2357 revocata
1913 2321 1945 2356 a
1973 2306 2174 2371 vulgari

270 2376 521 2426 recederet
560 2377 644 2426 hic
689 2377 977 2426 summatim
1021 2374 1411 2440 complecterer,
1462 2390 1562 2438 quo
1606 2374 1657 2423 in
1703 2374 1906 2440 negotio
1945 2389 2007 2424 ea
2042 2389 2173 2437 quae

271 2458 343 2495 Π
382 2444 785 2511 Prolegomenon
827 2443 1104 2494 Trinummi
1150 2445 1314 2509 eapite
1349 2456 1482 2493 nono
1519 2442 1725 2509 egregie
1756 2443 2035 2508 exposuisti
2070 2450 2173 2492 sta-

271 2515 403 2562 mina
450 2528 564 2564 esse
606 2514 744 2565 volui
793 2514 973 2577 quibus
1006 2526 1139 2576 quae
1172 2519 1223 2562 et
1258 2523 1335 2562 ων
1366 2512 1478 2577 ipse
1513 2512 1565 2561 in
1599 2511 1799 2561 relicuis
1836 2510 2022 2562 fabulis
2057 2519 2175 2576 post

271 2581 611 2632 Trinummum
655 2583 948 2632 instauratis
989 2583 1057 2633 ad
1103 2581 1201 2632 hoc
1242 2594 1405 2647 genus
1441 2581 1722 2646 spectantia
1753 2595 1885 2631 nova
1918 2580 2173 2646 protulisti

271 2658 317 2699 et
350 2666 481 2714 quae
530 2651 619 2701 alii
653 2651 979 2716 probabiliter
1009 2651 1378 2715 investigarunt
1410 2655 1461 2698 et
1492 2662 1622 2711 quae
1654 2649 1766 2715 ipse
1800 2648 2068 2700 observavi
2103 2648 2173 2696 ita

270 2719 586 2770 subtexerem
619 2726 674 2769 ut
704 2718 829 2769 nihil
856 2720 1165 2770 reconditius
1183 2718 1389 2782 quidem
1410 2718 1823 2782 praetermissum
1842 2724 2012 2782 putem
2036 2715 2175 2778 quod

272 2801 365 2837 uon
408 2789 461 2838 in
505 2787 604 2839 hoc
639 2796 910 2853 conspectu
946 2789 1268 2853 explanatum
1307 2786 1598 2851 reperiatur.
1638 2792 1899 2851 praeterea
1935 2784 2174 2835 subiunxi

272 2871 399 2918 quae
431 2857 550 2907 dum
586 2856 818 2923 plagulas
854 2855 1033 2907 harum
1070 2855 1354 2906 fabularum
1386 2861 1600 2905 retracto
1634 2869 1715 2903 me
1745 2852 1900 2903 invito
1921 2866 2023 2902 non
2040 2860 2176 2901 recte

271 2926 454 2989 scripta
488 2926 820 2976 animadverti
856 2933 904 2975 et
941 2934 1162 2976 correcta
1193 2924 1362 2975 velim.
1405 2931 1457 2974 ut
1493 2937 1525 2973 a
1556 2921 1815 2973 vocalibus
1850 2922 2045 2982 ordiar,
2081 2936 2174 2986 pro

271 3009 303 3042 a
336 3007 494 3043 suasu
527 2994 755 3045 Bssaextt
795 2995 977 3059 scripsi
1013 3010 1040 3045 e
1074 2995 1125 3042 in
1162 2999 1428 3056 anteperta
1462 2991 1599 3040 Trin.
1624 2986 1727 3041 643
1764 2991 1900 3054 quod
1938 2991 2000 3041 ab
2036 2997 2176 3040 ante-

267 3063 511 3124 part‘endo
534 3064 748 3128 ‚dictum
796 3071 873 3112 est
909 3070 964 3111 ut
998 3069 1285 3126 craece-ptus
1323 3063 1386 3112 ab
1422 3059 1805 3122 anteeapiendo,
1860 3061 2173 3121 eandemque

272 3129 652 3181 antistoechiam
702 3131 965 3196 amplexus
1010 3146 1124 3181 sum
1159 3131 1211 3180 in
1246 3130 1488 3193 dispenno
1528 3135 1577 3177 et
1615 3129 1871 3191 dispersus
1903 3126 2008 3178 Mil.
2038 3121 2173 3179 1407

272 3206 318 3246 et
346 3196 453 3251 360
483 3214 574 3263 pro
613 3199 862 3263 dispendo
898 3208 947 3249 et
983 3200 1244 3263 disparsus
1278 3205 1329 3247 et
1366 3194 1417 3246 in
1453 3198 1727 3263 aequipero
1756 3206 1805 3246 et
1827 3196 2047 3261 defetiqo
2063 3211 2175 3246 ver-

271 3266 345 3315 bis
382 3283 593 3330 quorum
625 3270 841 3321 vicarias
874 3268 1147 3333 scripturas
1180 3268 1459 3331 aeqza‘paro
1495 3275 1543 3315 et
1579 3266 1802 3330 defatiyo
1834 3265 1924 3316 vix
1958 3277 2174 3327 usquam

272 3334 386 3384 boni
429 3336 543 3386 libri
581 3337 692 3387 sine
737 3336 1075 3402 discrepantia
1117 3342 1420 3401 agnoscunt:
1470 3350 1500 3384 o
1535 3342 1705 3384 autem
1740 3346 1831 3399 pro
1869 3348 1904 3382 a
1938 3334 2087 3397 posui
2121 3333 2175 3380 in

269 3405 467 3454 nociaco
496 3404 630 3455 Tria.
659 3404 719 3455 11
758 3419 849 3470 pro
885 3420 1074 3455 uacuus
1105 3405 1170 3455 de
1201 3418 1304 3468 qua
1326 3403 1488 3453 forma
1510 3411 1627 3468 post
1652 3402 1866 3452 eundem
1884 3399 2173 3450 Bene-,nvn

268 3471 411 3536 plura
458 3473 577 3523 alibi
625 3475 753 3524 dixi:
810 3475 832 3522 i
871 3488 965 3540 pro
1012 3491 1038 3523 e:
1074 3474 1125 3521 in
1160 3474 1402 3535 opstat-ia.-
1437 3470 1578 3535 Capt.
1600 3466 1705 3522 629
1737 3477 1787 3519 et.
1820 3467 1924 3517 Mil.
1944 3464 2046 3518 695
2080 3481 2172 3531 pro
