2584 3834
339 681 659 772 Auxume
696 721 1111 770 ancxnssnvs
1146 719 1436 770 Fammoo
1467 718 1794 773 Bru-sonno
1833 719 1885 772 S.
1917 698 1922 703 ’
1959 721 2105 784 Quod
2148 737 2253 776 rm

336 792 695 856 potissimum,
731 789 814 838 vir
846 802 1041 838 summe
1074 788 1314 851 idemque
1348 790 1517 838 animo
1542 803 1654 839 meo
1683 791 1971 852 carissime,
2009 789 2142 842 hanc
2171 807 2254 842 co-

338 859 659 909 moediarum
694 856 1036 906 Plautianum
1067 857 1462 923 recognitionem
1496 858 1608 908 sive
1642 873 1706 909 ex
1735 866 1881 924 parte
1906 861 2252 911 recensionem

252 919 261 926 ’
342 929 514 976 dicere
548 926 713 976 mavis
746 926 981 991 inem-ipsi
1014 926 1266 976 neminem
1300 932 1425 990 puto
1461 925 1571 975 sore
1607 928 1694 988 qui
1730 929 1964 988 miretur,
2015 930 2252 991 quoniam

343 997 432 1046 diu
454 997 597 1045 'inter
632 993 856 1044 eruffltos
891 1000 1087 1044 coastat
1120 1006 1193 1044 'rs
1229 1008 1383 1059 opera
1414 1007 1520 1043 ru
1555 995 1658 1044 iam
1688 1010 1786 1060 per
1814 995 1931 1062 plus
1967 997 2060 1046 tria
2095 996 2254 1047 lustra

339 1065 519 1113 Plauto
575 1062 889 1113 emendando
939 1070 1090 1126 atque
1139 1062 1452 1113 inlustranda
1497 1064 1730 1128 impensa
1774 1063 1910 1115 hunc
1945 1073 2145 1130 poetam
2181 1067 2252 1115 ita

342 1133 490 1196 quasi
526 1144 679 1182 ππ
713 1144 822 1182 rm
852 1131 1140 1181 vindicasse
1159 1138 1228 1180 ut
1263 1130 1511 1194 quidquid
1546 1145 1578 1180 a
1598 1133 1813 1183 sanioris
1838 1134 2043 1196 quidem
2070 1134 2252 1185 doctri-

338 1216 439 1253 nae
469 1202 749 1251 rationibus
778 1200 1060 1264 profectum
1090 1200 1158 1250 ad
1180 1199 1511 1250 instauranda
1528 1207 1712 1264 poetae
1735 1202 1891 1252 verba
1911 1203 2250 1268 excogitatum

341 1272 407 1320 sit
455 1269 521 1318 ad
564 1282 635 1319 ‘nt
678 1268 1001 1334 potissimum
1036 1275 1290 1319 amtorem
1326 1267 1644 1318 referendum
1680 1270 1788 1319 iure
1822 1270 2069 1321 videatur.
2125 1270 2250 1321 illud

341 1346 514 1387 contra
547 1352 673 1401 ‘cum
720 1337 1023 1400 quibusdam
1070 1337 1185 1386 aliis
1217 1345 1327 1386 tum
1360 1349 1470 1387 mr
1503 1336 1683 1386 mirum
1716 1337 1879 1388 videri
1911 1340 2078 1403 possit
2112 1340 2248 1402 quod

342 1422 468 1471 ego,
504 1407 624 1456 dum
659 1419 733 1455 'fv
762 1405 994 1455 Plautum
1029 1418 1183 1455 'rm
1218 1405 1419 1471 pridem
1454 1404 1746 1455 enixissime
1775 1405 2038 1457 hominum
2075 1407 2245 1458 docto·

338 1489 453 1524 rum
497 1476 629 1524 votis
676 1474 1012 1540 ecssagitatum
1062 1488 1224 1540 nuper
1268 1475 1321 1522 in
1357 1474 1518 1523 lucem
1557 1472 1708 1524 edere
1740 1475 1950 1539 coepisti
1987 1483 2035 1524 et
2070 1476 2122 1524 in
2159 1478 2248 1525 ab·

339 1543 583 1593 solvendo
633 1544 733 1593 isto
780 1544 972 1608 ingenii
1023 1556 1117 1594 ‘rvr
1167 1558 1229 1592 ac
1277 1542 1496 1592 nominis
1551 1543 1859 1607 sempiterno
1924 1552 2238 1594 monumenta·

337 1613 537 1661 naviter
566 1611 820 1671 elaboras,
858 1611 1086 1661 eiusdem
1118 1618 1303 1676 poetae
1331 1610 1533 1661 fabulas
1559 1611 1627 1662 ad
1650 1613 1773 1662 artis
1798 1626 2027 1663 normam
2054 1627 2225 1664 correo

335 1688 418 1728 tas
467 1682 519 1729 in
564 1680 823 1745 publicum
869 1681 1095 1730 emittere
1139 1680 1350 1728 institui.
1412 1680 1586 1742 itaque
1637 1695 1701 1729 ne
1733 1681 2029 1731 temeritatis
2065 1696 2097 1730 a
2124 1696 2245 1747 pru-

338 1749 574 1798 dentibus
606 1747 1017 1798 vel-inhonestae
1048 1747 1174 1798 lucri
1207 1747 1499 1812 cupiditatis
1536 1762 1569 1797 a
1598 1747 1860 1799 malevolis
1889 1763 2091 1815 arguar,
2131 1764 2247 1800 nar-

336 1815 553 1866 randum
586 1817 712 1867 mihi
744 1831 857 1867 esse
889 1817 1125 1882 intellego
1162 1816 1250 1878 qui
1284 1815 1472 1866 factum
1507 1817 1574 1865 sit
1606 1824 1665 1865 ut
1698 1815 1830 1867 hanc
1852 1832 1949 1883 ego
1975 1818 2247 1869 editionem

336 1899 476 1934 nunc
517 1900 698 1951 parare
732 1886 956 1947 animum
990 1886 1300 1936 inducerem.
1347 1884 1525 1935 detulit
1561 1886 1693 1935 enim
1729 1885 1961 1936 librarius
1992 1886 2246 1937 honestis-

335 1955 499 2002 simus
532 1953 663 2004 ultro
697 1953 821 2004 mihi
856 1967 1040 2004 munus
1074 1953 1471 2019 recog-noscendi
1500 1952 1757 2003 Plautinas
1790 1953 2080 2004 comoedias
2101 1969 2246 2016 ⁴quas

333 2024 385 2071 in
422 2021 725 2073 bibliotheca
768 2037 864 2072 sua
895 2024 1194 2088 scriptorum
1229 2020 1529 2071 Graecorum
1563 2030 1612 2072 et
1642 2021 1934 2079 Latinorum
1969 2022 2246 2074 desiderari

336 2089 486 2139 nefas
531 2098 688 2140 esset:
739 2092 927 2142 dubius
959 2091 1123 2156 primo
1154 2091 1427 2141 haerebam
1462 2104 1557 2140 nee
1592 2091 1933 2142 dubitationes
1968 2105 2109 2142 meas
2142 2092 2244 2142 dis·

334 2158 663 2209 simulabam:
722 2160 816 2210 sed
852 2175 966 2210 cum
1003 2160 1211 2209 edoctus
1244 2171 1411 2208 essem
1444 2159 1539 2209 viri
1572 2158 1918 2210 honestissimi
1949 2159 2148 2210 firmum
2185 2176 2245 2210 ae

334 2226 519 2277 stabile
551 2227 815 2278 consilium
851 2243 964 2278 esse
992 2235 1051 2277 ut
1080 2226 1178 2277 hae
1213 2228 1509 2278 comoediae
1540 2228 1594 2276 in
1627 2227 1716 2277 illa
1737 2243 1899 2292 quam
1934 2230 2041 2279 dixi
2061 2228 2242 2279 biblio·

332 2296 483 2346 theca
526 2296 665 2348 foras
708 2299 1051 2348 emitterentur
1097 2304 1365 2360 antequam
1400 2309 1511 2347 aru
1543 2298 1774 2347 recensio
1819 2297 1886 2347 ad
1919 2296 2072 2347 finem
2109 2307 2244 2348 esset

331 2366 608 2430 perducta,
655 2381 756 2428 quo
803 2367 858 2415 in
890 2365 1096 2431 negotio
1131 2365 1232 2415 nisi
1265 2380 1361 2431 ego
1394 2378 1602 2429 operam
1631 2365 1895 2431 pollicerer
1926 2365 2069 2416 alteri
2102 2366 2241 2417 cuili-

331 2435 422 2482 bet
454 2433 645 2490 homini
682 2434 830 2484 docto
868 2434 1080 2484 eandem
1116 2434 1455 2484 conditionem
1488 2433 1711 2484 oblatum
1745 2435 1832 2494 iri,
1869 2441 1977 2484 tum
2003 2436 2242 2485 ‚omnibus

333 2502 539 2551 remotis
591 2503 843 2567 scrupulis
895 2511 944 2552 et
999 2502 1124 2552 mihi
1177 2509 1228 2550 et
1267 2501 1392 2552 huic
1430 2509 1611 2566 poetae
1648 2502 1831 2553 debere
1864 2503 2007 2553 visus
2039 2518 2150 2553 sum
2186 2512 2243 2552 ut

332 2571 644 2635 provinciam
679 2571 819 2621 illam
853 2587 918 2621 ne
952 2585 1260 2620 recusarem:
1299 2586 1391 2636 pro
1429 2584 1527 2619 sua
1557 2572 1691 2621 enim
1727 2573 1909 2635 cuique
1941 2580 2085 2638 parte
2112 2574 2240 2622 acri-

335 2649 412 2687 ter
446 2640 735 2690 enitendum
770 2654 884 2690 esse
916 2640 1194 2690 arbitrabar
1226 2647 1284 2688 ut
1304 2639 1538 2704 exempla
1567 2640 1743 2690 harum
1770 2640 2055 2691 fabularum
2081 2655 2240 2704 eaque

332 2722 489 2772 parvo
526 2708 773 2773 parabilis
804 2709 855 2756 in
893 2723 1208 2758 communem
1233 2722 1384 2757 usum
1403 2708 1633 2758 venirent
1655 2724 1787 2772 quae
1811 2710 1881 2758 ita
1906 2716 2073 2758 essent
2100 2724 2235 2759 com-

331 2784 509 2840 parata
538 2785 595 2826 ut
629 2777 860 2827 homines
895 2777 1147 2827 literarum
1176 2777 1469 2827 Latinarum
1490 2787 1717 2828 amantes
1740 2777 1946 2827 tandem
1969 2777 2239 2840 aliquando

334 2844 662 2895 falsissimam
695 2845 833 2895 illam
869 2845 963 2896 sed
995 2846 1328 2912 plurimorum
1361 2847 1514 2895 etiam
1546 2846 1798 2896 mentibus
1834 2845 2040 2896 insitam
2076 2846 2140 2896 de
2163 2848 2239 2896 in-

333 2913 486 2962 finitis
521 2914 736 2964 licentiis
772 2914 990 2966 metricis
1023 2929 1082 2964 ac
1111 2914 1441 2980 prosodiacis.
1461 2915 1645 2977 quibus
1680 2912 1877 2963 numeri
1908 2912 2123 2966 Plautini
2160 2931 2240 2965 re·

332 2982 457 3046 pleti
491 2991 661 3032 essent
695 2984 984 3047 opinionem
1015 2985 1211 3034 abicere
1246 2991 1294 3032 et
1321 2996 1572 3032 summam
1600 2996 1772 3031 eorum
1797 2980 2098 3049 elegantiam
2124 2998 2237 3049 per-

333 3051 526 3114 spicere
558 3059 709 3114 atque
744 3052 980 3102 admirari
1012 3060 1237 3116 possent.
1275 3051 1405 3100 ratio
1443 3058 1610 3100 autem
1646 3065 1748 3113 qua
1773 3065 1979 3102 munere
2002 3061 2239 3118 suscepto

331 3119 384 3167 in
413 3117 522 3177 hoo,
546 3119 750 3182 quidem
780 3121 944 3185 primo
977 3128 1115 3170 tomo
1153 3118 1333 3183 (quem
1363 3126 1420 3168 ut
1466 3119 1719 3169 secundus
1770 3135 2047 3185 paucorum
2099 3136 2239 3171 men-

333 3187 461 3236 sium
506 3187 769 3240 intervallo
815 3189 1035 3253 excipiat
1069 3186 1282 3251 curabo)
1313 3187 1554 3253 perfungi
1603 3188 1776 3238 studui
1823 3190 2110 3240 necessario
2161 3190 2235 3240 di-

336 3269 478 3305 versa
522 3256 620 3306 fuit
664 3257 719 3306 in
767 3258 841 3307 eis
877 3257 1064 3308 fabulis
1100 3271 1317 3321 quarum
1351 3267 1489 3306 ’Νη
1525 3257 1578 3305 in
1610 3257 1846 3307 manibus
1875 3257 2124 3309 habebam
2160 3273 2238 3307 re-

333 3325 618 3387 censiones,
654 3340 787 3388 quae
818 3334 935 3375 sunt
969 3325 1112 3375 Miles
1145 3325 1399 3391 gloriosus
1433 3332 1483 3374 et
1512 3324 1861 3386 Trinummus,
1900 3335 2052 3389 atque
2087 3329 2137 3376 in
2164 3327 2239 3376 eis

331 3406 382 3441 in
413 3394 597 3457 quibus
634 3409 748 3445 meo
783 3394 1007 3460 periculo
1042 3407 1125 3444 res
1160 3404 1267 3443 eret
1300 3392 1549 3458 gerenda,
1584 3408 1716 3457 qnae
1737 3402 1856 3444 sunt
1876 3401 1977 3445 tres
2000 3396 2236 3447 relicuae.

330 3468 479 3525 atque
525 3465 578 3513 in
623 3462 724 3513 illis
774 3464 978 3526 quidem
1027 3477 1109 3512 me
1155 3469 1348 3511 tantum
1384 3475 1485 3511 non
1521 3462 1571 3510 in
1611 3463 1842 3566 omnibu?
1878 3463 2031 3512 rebus
2068 3478 2098 3512 a
2128 3475 2237 3511 ‘tvo

1745 3544 1778 3579 e
