2584 3834
814 202 905 254 AD
938 203 1103 256 mm.
1137 203 1583 259 MTSGHELIVM.
2000 205 2161 263 xxm

246 368 298 408 nt
334 356 418 408 illo
455 373 608 409 versu
647 359 698 408 in
734 359 799 409 V.
829 357 882 409 G.
910 359 1068 409 altera
1103 375 1256 411 manu
1292 368 1570 412 correctum
1610 369 1702 411 est.
1736 387 1806 399 —
1844 361 1909 412 V.
1938 359 2041 416 9⁷5
2078 379 2155 415 re·
2209 414 2214 419 .

247 434 495 484 stituenda
532 443 610 486 est
644 436 868 502 genetivi
902 435 1064 486 forma
1093 427 1469 508 Philocrati,
1512 452 1612 502 qua
1647 437 1756 487 sola
1792 438 2000 490 Plautus
2027 456 2156 492 usus

249 521 341 560 est:
377 510 442 561 of.
464 508 664 573 v.528‚
697 509 913 565 Rud.86
932 512 1198 576 Euripidi,
1226 510 1331 564 822
1348 514 1589 573 Herculi,
1622 513 1804 564 Bacch.
1819 511 1925 566 938
1943 517 2160 569 Achiui:

248 581 417 629 eadem
467 581 533 631 de
575 595 732 631 causa
778 579 913 631 Trin.
941 577 1046 633 744
1085 582 1279 633 correxi
1315 582 1568 634 Charmidi
1598 582 1805 649 (Bacch.
1844 593 2014 635 autem
2051 583 2157 638 28*

248 650 580 699 nominativus
625 648 1005 702 Archidemides
1057 651 1397 702 restituendus
1449 652 1570 717 est).
1609 678 1680 689 —
1718 651 1783 704 V.
1808 649 1914 704 988
1947 668 2029 704 me
2054 656 2156 706 dis·

249 718 396 781 pudet
429 719 502 767 ita
540 726 596 766 ut
630 719 683 767 in
715 716 814 767 hac
850 719 1069 770 editione
1103 719 1291 786 legitur
1325 735 1425 771 non
1460 721 1725 771 instaurati
1752 721 1844 771 sed
1870 721 2021 773 foede
2046 739 2156 774 cor·
2245 750 2258 773 t

248 788 399 850 rupti,
438 788 682 849 quoniam
717 788 857 837 omni
891 802 1102 839 caesura
1137 788 1409 840 destitutus
1446 797 1545 840 est:
1594 804 1746 853 quem
1784 790 1899 841 ilico
1935 793 2011 842 sic
2046 807 2154 843 cor-

246 863 374 999 }igias
408 862 562 914 velim
598 856 719 933 Qui
745 855 1027 918 mihimet
1052 855 1389 938 peculiaris
1421 855 1599 919 ditus
1624 858 1772 918 est?
1814 858 1938 924 ST.
1956 861 2154 922 Huius

338 958 426 1001 us.

373 1024 429 1072 In
475 1022 701 1073 Militis
750 1023 1025 1090 gloriosi
1076 1025 1240 1090 prima
1291 1034 1435 1091 parte
1487 1033 1541 1076 ut
1584 1026 1731 1092 plura
1769 1026 1984 1078 habeam
2023 1045 2153 1092 quae

248 1092 537 1157 corrigenda
584 1106 700 1142 esse
744 1094 989 1144 senserim
1031 1109 1092 1143 eo
1140 1095 1369 1160 inprimis
1410 1093 1599 1144 factum
1634 1104 1710 1144 est
1750 1097 1889 1159 quod
1924 1111 1973 1147 et
2010 1111 2153 1149 ‘run

247 1161 615 1212 emendationes
666 1160 820 1211 huius
873 1161 1077 1212 fabulae
1126 1178 1342 1226 quarum
1391 1177 1546 1228 supra
1590 1165 1896 1216 mentionem
1951 1166 2048 1217 feci
2104 1177 2153 1217 et

178 1258 183 1267 ·
245 1230 547 1299 Fut-ructu}
578 1230 830 1295 praefatio
867 1229 1050 1280 indicis
1084 1230 1373 1281 scholarum
1408 1231 1845 1283 Rostochiensium
1887 1233 2040 1285 huius
2077 1238 2152 1301 ip·

246 1302 343 1349 sius
378 1298 638 1350 semestris
675 1299 854 1349 aestivi
890 1299 943 1348 in
978 1313 1081 1362 qua
1114 1299 1179 1350 de
1214 1300 1407 1364 aliquot
1441 1300 1566 1350 locis
1603 1304 1712 1350 eius
1751 1300 1953 1352 fabulae
1991 1305 2151 1354 disse-

245 1370 335 1417 ruit
379 1371 544 1418 serius
580 1368 633 1418 in
668 1382 849 1418 manus
885 1382 1025 1418 meas
1059 1377 1397 1432 pervenerunt
1432 1383 1584 1433 quam
1620 1377 1677 1418 ut
1710 1371 1763 1419 in
1799 1385 1947 1420 usum
1984 1388 2145 1422 meunt

247 1446 526 1487 convertere
573 1452 798 1502 possem.
871 1436 935 1486 V.
972 1433 1044 1488 34
1090 1437 1272 1488 vellem
1308 1436 1519 1488 Gvrn‘rt
1555 1438 1958 1489 emendationem
1999 1457 2149 1503 quam

245 1527 310 1563 ’Π
343 1530 547 1579 quoque
583 1516 634 1565 in
658 1515 979 1566 adnotatione
1005 1515 1419 1566 commendavisti
1444 1505 1916 1568 Perhnt'lriumln
1946 1507 2147 1589 [haec]

244 1593 380 1651 sunt
405 1609 488 1651 ne
520 1589 742 1652 dentes
772 1591 1052 1652 dentiam:
1088 1599 1419 1663 recepissem:
1456 1598 1774 1650 Furrzwmo
1813 1606 1982 1651 autem
2016 1599 2151 1652 hunc

245 1690 439 1725 versum
467 1676 735 1740 temptanti
760 1690 940 1741 parum
959 1674 1171 1725 feliciter
1189 1690 1300 1725 meo
1328 1675 1517 1725 iudicio
1537 1689 1617 1726 res
1635 1677 1803 1726 cessit.
1822 1701 1895 1715 -
1917 1676 1981 1727 V.
1997 1673 2067 1729 39
2085 1693 2150 1728 ex

243 1752 572 1801 Ambrosiano
593 1744 858 1805 inimum
879 1751 1050 1805 tuum
1070 1765 1162 1816 pro
1181 1759 1312 1802 eamn
1328 1752 1535 1802 animam
1552 1753 1773 1803 seribere
1792 1753 2056 1805 debebam.
2081 1780 2146 1791 —

242 1828 299 1877 V.
325 1824 394 1878 58
430 1842 532 1877 non
565 1827 728 1878 fuisse
763 1828 1133 1878 sollicitandum
1170 1827 1397 1878 ordinem
1421 1829 1689 1879 verborum
1722 1831 1809 1892 qui
1835 1830 1891 1880 in
1915 1831 2147 1881 omnibus

245 1904 424 1953 obtinet
462 1903 606 1952 libris
658 1897 884 1958 Amant
927 1895 1039 1957 ted
1080 1914 1292 1957 omnes
1336 1895 1630 1958 mulieres
1671 1915 1877 1977 neque
1918 1901 2149 1959 iniuria

243 1979 630 2044 alibi’probabo.
670 2007 740 2018 —-
781 1982 846 2031 V.
872 1977 942 2033 69
977 1997 1077 2032 non
1115 1980 1288 2031 dubito
1322 1981 1442 2044 quin
1461 1981 1817 2032 anzscluvs
1843 1997 1959 2032 vere
1980 1996 2148 2032 emen-

243 2054 426 2106 daverit
467 2050 650 2110 orant
692 2051 902 2110 ambae
945 2057 1011 2110 et
1055 2052 1386 2130 tipsecrnnt
1426 2059 1661 2123 idemque
1696 2055 1827 2110 v.84
1848 2066 1981 2109 recte
1999 2073 2147 2124 prae-

243 2139 494 2190 ferendam
523 2155 636 2193 esse
661 2142 955 2193 iudicaverit
980 2142 1215 2193 mets
1240 2148 1571 2193 cot-recturam
1602 2138 1782 2214 qudm
1809 2154 1923 2195 nos
1952 2137 2150 2196 acturi

241 2235 456 2279 sumne.
501 2250 589 2262 -
650 2224 715 2274 V.
752 2220 822 2276 87
872 2237 946 2274 ‘tv
995 2224 1258 2275 verissime
1307 2224 1484 2275 vidisti
1527 2217 1919 2290 ‘interpolationi
1975 2226 2149 2277 deberi

240 2302 444 2364 eiusque
478 2301 590 2351 loco
628 2302 757 2352 duos
794 2301 912 2352 olim
946 2302 1104 2352 lectos
1142 2314 1254 2351 esse
1288 2302 1459 2367 ipsum
1491 2316 1673 2352 nomen
1702 2301 1912 2352 Latinae
1943 2302 2145 2353 fabulae

239 2370 502 2433 prodentes
518 2406 533 2430 ‚
583 2370 721 2420 velut
758 2371 848 2421 tali
891 2370 1120 2435 exemplo
1157 2369 1229 2420 Εἰ
1261 2369 1420 2420 Militi
1454 2385 1565 2421 esse
1595 2370 1821 2434 glorioso
1851 2370 2061 2435 fcffiulae
2099 2367 2128 2440 Η

242 2437 414 2488 Nomen
440 2445 599 2502 poeta
631 2439 790 2491 uoluit
820 2454 1005 2490 uersae
1040 2429 1291 2490 bdrbare'.
1328 2463 1397 2476 -
1434 2439 1499 2490 V.
1535 2436 1625 2492 117
1678 2455 1793 2489 cum
1825 2440 2145 2492 anzscmo

238 2531 363 2565 nune
397 2517 474 2565 sic
510 2515 730 2566 scribere
762 2517 934 2567 malim
971 2510 1040 2567 in
1081 2507 1301 2584 flium,
1341 2508 1416 2568 fit
1458 2506 1625 2587 quod
1668 2506 1732 2568 di
1762 2507 2010 2569 uolunt:
2055 2532 2148 2568 nec

236 2606 440 2658 possum
493 2608 596 2643 non
643 2593 806 2643 eidem
852 2591 1112 2658 astipulari
1152 2608 1203 2642 v.
1236 2588 1340 2644 169
1380 2592 1636 2656 praeclare
1676 2593 1763 2642 sic·
1784 2594 2148 2660 redintegranti

241 2658 583 2756 Adgrediar
635 2677 965 2740 hominem.
1067 2676 1192 2737 PE.
1246 2661 1444 2736 Estne
1497 2675 1825 2737 aduorsnm
1881 2677 1983 2737 hic
2041 2676 2148 2756 qui

239 2758 485 2821 aduenit
529 2758 965 2840 [Palaestriol‘e
1017 2768 1117 2819 nis‘i
1167 2767 1307 2831 quod
1349 2762 1454 2839 qui
1492 2761 1669 2820 uenit
1708 2776 1966 2835 praestare
2013 2769 2147 2818 arbi-
2177 2796 2192 2811 ·

236 2852 333 2893 tror
376 2852 435 2893 ut
470 2844 735 2895 Plautinae
768 2845 1122 2896 consuetudini
1155 2843 1601 2894 accommodatius.
1639 2869 1712 2880 —
1751 2844 1969 2896 Vberlns
2010 2845 2147 2896 idem

238 2912 469 2963 disseruit
516 2913 582 2963 de
629 2915 703 2963 eis
755 2929 884 2977 quae
930 2929 979 2964 v.
1007 2908 1105 2964 185
1144 2913 1401 2978 excipiunt
1448 2920 1497 2964 et
1535 2913 1607 2962 ita
1643 2913 1845 2973 quidem
1886 2921 1938 2963 ut
1975 2922 2147 2965 contra

237 2994 376 3032 'rvu
414 2982 479 3032 de
515 2981 617 3032 hoo
650 2982 760 3037 loco
797 2983 1188 3048 disputationem
1210 2983 1263 3032 in
1284 2980 1603 3048 praefatione
1620 2979 1794 3031 Militis
1814 2997 1865 3047 p.
1884 2997 2013 3036 xxxv
2032 2999 2143 3048 sqq.

237 3050 418 3100 editam
471 3050 713 3101 librorum
762 3051 1057 3102 memoriam
1108 3053 1162 3101 in
1201 3052 1354 3102 rebus
1388 3057 1584 3101 tantum
1619 3063 1720 3099 non
1760 3053 1995 3103 omnibus
2031 3068 2147 3103 sus-

237 3126 422 3170 tentare
476 3128 690 3170 conatus
739 3121 822 3170 sit.
880 3120 1006 3169 mihi
1027 3169 1035 3179 ,
1056 3121 1262 3182 quidem
1294 3121 1375 3170 vir
1412 3119 1736 3169 doctissimus
1772 3136 1867 3171 nec
1903 3122 2146 3185 vindicias

236 3201 326 3236 nec
371 3190 687 3238 coniecturas
737 3203 858 3239 suas
905 3189 1140 3254 probavit
1183 3197 1232 3238 et
1272 3204 1339 3238 ex
1371 3187 1454 3237 his
1494 3188 1699 3250 quidem
1734 3198 1889 3243 unam
1924 3191 2146 3241 omnium

237 3256 436 3306 minime
484 3272 598 3306 eam
644 3272 745 3320 qua
788 3257 961 3308 versui
997 3254 1093 3310 191
1132 3256 1434 3307 sententiam
1471 3258 1742 3308 obscenam
1777 3259 2049 3324 supposuit
2085 3258 2148 3306 de

239 3339 335 3385 qna
366 3332 520 3390 poeta
550 3324 651 3375 hoc
685 3326 890 3390 quidem
930 3326 1040 3375 loeo
1078 3341 1143 3377 ne
1177 3327 1229 3376 in
1266 3326 1459 3376 somnis
1496 3326 1701 3390 quidem
1736 3328 2003 3392 cogitavit:
2056 3326 2147 3375 sed

239 3393 411 3443 iterum
457 3394 743 3458 iterumque
786 3396 1052 3461 pensitatis
1101 3395 1382 3444 rationibus
1426 3409 1457 3444 a
1507 3407 1581 3445 τι
1632 3403 1681 3444 et
1714 3396 1778 3444 ab
1816 3394 1903 3445 illo
1937 3392 2150 3459 prolatis

241 3468 428 3524 praeter
471 3462 599 3514 duas
639 3478 721 3514 res
778 3464 842 3513 ad
893 3463 1250 3528 disputationis
1285 3475 1428 3512 ‘run
1464 3477 1716 3513 summam
1751 3462 1899 3512 redii.
1940 3474 2151 3524 quarum
