2584 3834
382 169 523 225 xxa
1043 124 1353 220 EmsTVLA
1394 142 1642 249 offirma

384 318 535 394 posui
563 323 776 386 poterit.-
821 322 871 371 t'n
917 336 1020 372 rem
1053 336 1146 387 pro
1184 321 1423 371 librorum
1454 322 1651 383 poteris
1686 325 1811 372 mue
1844 322 1894 370 in
1930 336 2033 372 rem
2067 320 2297 386 praeive-

385 401 462 443 rat
496 393 732 443 Rmzlvs.
771 415 839 426 —
875 391 938 439 V.
966 387 1070 440 413
1102 389 1202 439 hoc
1239 390 1347 440 loco
1383 390 1471 438 ubi
1507 391 1559 438 in
1597 389 1736 440 libris
1770 397 1909 439 extat
1945 388 2151 440 mirifice
2188 390 2295 440 lan-

385 473 507 527 guet
543 468 591 510 et
627 470 882 522 tamquam
921 459 1195 517 claudicat,
1234 474 1335 520 qua
1373 458 1436 507 de
1476 473 1629 507 causa
1662 459 1780 509 vide
1814 473 1934 508 num
1972 472 2072 507 non
2105 459 2296 507 incom-

386 531 535 580 mode
584 530 713 578 inter
759 542 808 576 v.
836 523 939 578 407
978 536 1025 576 et
1059 523 1162 576 408
1200 527 1512 586 conlocetur,
1567 536 1621 576 ut
1655 537 1955 595 personatus
1990 527 2296 576 Philocrates

385 599 527 647 ludat
571 598 624 645 in
672 596 1009 653 locutionibus
1055 596 1258 646 emisisti
1297 611 1324 644 e
1361 597 1536 645 uinclis
1571 603 1619 645 et
1652 613 1799 646 manu
1834 598 2033 646 emittat.
2079 603 2298 644 ceterum

388 693 439 727 v.
468 670 574 724 408
621 674 775 723 verba
820 675 896 722 sic
944 673 1204 722 conlocare
1242 672 1486 722 debebam
1531 666 1680 742 quin
1721 667 1903 727 manti
1947 672 2014 725 te
2058 665 2303 749 emittat

387 751 620 830 gratiis,
649 779 737 796 —-·
775 755 838 803 V.
872 752 976 806 418
1025 755 1352 818 adquiescere
1400 755 1644 806 debebam
1692 758 1741 806 in
1781 757 2056 806 Bonwmo
2102 751 2302 827 Opse-

389 835 638 912 quiosus
668 832 818 891 mihi
846 831 1020 891 fuisti
1050 833 1327 910 sdmper,
1367 846 1421 886 ut
1446 838 1668 888 Rmzlvs
1697 854 1898 903 quoque
1918 847 2302 889 correxerat.-

385 925 448 972 V.
475 920 578 974 591
614 922 965 987 corrigendum
1004 930 1080 971 est
1120 915 1269 973 fune
1302 933 1490 994 opuS,
1534 914 1768 993 Regin,
1813 915 1918 974 ’stt
1964 937 2009 972 v.
2032 917 2134 972 6⁷2
2175 914 2304 972 De-

385 998 744 1059 ldcerauisti
786 1002 905 1070 (pro
954 1021 1053 1068 qua
1099 1006 1364 1056 verissima
1410 1005 1651 1055 librorum
1705 1007 1951 1070 scriptura
1991 1006 2161 1054 nescio
2199 1018 2326 1065 quo.

390 1106 555 1140 errore
599 1089 952 1139 dilacerauz‘sti
985 1089 1035 1137 in
1074 1087 1205 1137 hanc
1247 1088 1521 1138 editionem
1556 1088 1863 1154 irrepserit):
1914 1104 1963 1138 v.
1986 1082 2092 1138 698
2137 1077 2302 1156 Quid

390 1170 471 1226 sit
511 1167 630 1226 hoc
671 1166 884 1244 negoti
926 1170 1094 1236 (quod
1131 1178 1207 1220 est
1242 1171 1293 1219 in
1330 1170 1499 1220 libris:
1548 1164 1613 1220 cf.
1645 1185 1801 1235 supra
1836 1171 1903 1219 ad
1936 1168 2119 1234 Amph.
2144 1167 2297 1232 111)=

387 1273 436 1307 v.
481 1254 584 1307 700
636 1248 767 1309 Nec
823 1251 1203 1327 quisquamst
1253 1247 1338 1305 mi
1392 1243 1596 1324 [alius]
1654 1247 1850 1325 aeque
1890 1244 2111 1305 mel’ms
2156 1244 2308 1323 quoi

389 1334 594 1394 uelim.
627 1367 716 1380 —-
754 1340 818 1389 V.
853 1336 956 1390 729
1000 1353 1076 1400 sq.
1128 1337 1360 1399 quotiens
1405 1334 1507 1400 legi
1560 1335 1747 1384 offendi
1788 1337 1838 1383 in
1876 1335 2106 1399 neglecta
2137 1336 2299 1399 figura

388 1417 629 1478 chiasmi,
669 1433 770 1467 non
806 1426 973 1466 tamen
1009 1428 1163 1464 ausus
1203 1427 1316 1461 sum
1353 1413 1625 1476 corrigere:
1664 1410 1750 1461 hic
1781 1421 1949 1460 tamen
1984 1427 2092 1461 non
2122 1411 2300 1461 diffite-

389 1487 481 1536 bor
517 1486 612 1549 (cf.
652 1486 784 1536 Rud.
821 1484 856 1537 6
893 1481 1001 1546 sq.)
1035 1489 1238 1547 poetam
1273 1483 1349 1528 sic
1384 1479 1508 1532 mihi
1545 1480 1702 1528 videri
1739 1480 2005 1544 scripsisse

473 1553 626 1614 Nam
652 1557 840 1612 noctu
866 1569 1061 1611 neruo
1089 1551 1329 1626 uinctus
1360 1546 1791 1627 custodibitur,

476 1638 601 1697 Sub
634 1638 807 1696 terra
837 1633 1080 1714 lapides
1112 1634 1339 1693 eximet
1371 1630 1695 1692 interdius.

387 1722 450 1770 V.
484 1715 585 1771 777
621 1721 761 1782 ipsus
805 1734 898 1785 pro
941 1719 1181 1768 librorum
1233 1719 1343 1780 ipse
1387 1718 1582 1782 sumpsi
1625 1732 1655 1766 a
1692 1716 1908 1778 Rsstzro,
1963 1720 2083 1768 item
2123 1734 2168 1773 v,
2199 1714 2308 1769 783

388 1790 453 1838 mi
491 1788 636 1838 hodie
685 1803 776 1853 pro
826 1788 973 1838 hodie
1016 1787 1146 1837 milei.
1185 1809 1253 1823 —·
1298 1786 1361 1834 V.
1400 1781 1503 1837 798
1548 1788 1728 1836 mirum
1771 1787 1822 1836 ni
1858 1794 2010 1851 poeta
2048 1788 2303 1851 scripserit

391 1859 587 1917 omnis
615 1857 893 1918 mortalis
925 1857 1144 1917 fficiam
1170 1862 1240 1915 ut
1272 1869 1578 1934 quemque
1592 1898 1611 1932 ‚
1655 1864 1785 1912 sicut
1818 1878 1983 1914 omnes
2018 1864 2308 1928 (mulieres)

389 1950 444 2056 ’ἔ
466 1957 702 2060 ἕέἥῗὲἴ
717 1937 2307 2075 ιῖἒῗᾱέιὲῗῗἰιὲἴῗέιῖἕὶεέΐοῧῖῑῗίζῗὲὲἐιῗιῖ-’ἷεῗᾎξίῗὲ(ὲῶ

393 2094 488 2143 ego
531 2078 593 2126 de
630 2078 912 2128 coniectura
950 2077 1068 2127 dedi
1100 2091 1192 2142 pro
1229 2075 1471 2125 librorum
1497 2091 1633 2127 omne
1656 2085 1709 2127 ut
1726 2079 1957 2142 quicque.-
1997 2093 2304 2142 quamquam

391 2147 526 2195 Rud.
556 2143 685 2197 1139
727 2161 803 2209 sq.
844 2147 1031 2196 dictum
1069 2154 1146 2195 est
1181 2147 1341 2195 omnia
1388 2145 1630 2210 quidquid
1669 2147 1789 2196 insit
1831 2146 1955 2210 (nisi
1996 2148 2068 2197 ibi
2103 2162 2305 2210 quoque

392 2222 446 2265 ut
480 2217 686 2280 quicque
722 2216 1066 2281 reponendum
1102 2211 1232 2276 est):
1271 2214 1365 2264 sed
1399 2222 1533 2264 totus
1571 2212 1654 2263 hic
1692 2215 1831 2264 locus
1859 2214 1923 2264 de
1950 2217 2306 2281 pronominum

394 2286 597 2349 quisque
648 2292 697 2334 et
747 2285 970 2350 quisquis
1018 2297 1118 2332 usu
1158 2282 1391 2332 Plautino
1438 2284 1746 2333 accuratiore
1791 2283 1986 2349 indiget
2022 2292 2303 2348 perscruta-

395 2353 545 2402 tione.
588 2380 658 2390 —-
708 2353 772 2403 V.
795 2349 901 2403 823
932 2353 984 2402 in
1019 2352 1264 2416 scriptura
1299 2351 1362 2401 V.
1392 2349 1448 2400 G.
1474 2366 1625 2414 quam
1660 2352 1872 2402 Piuvs
1919 2352 2048 2404 false
2090 2362 2303 2402 testatus

396 2440 472 2478 est
510 2444 572 2478 ne
608 2429 753 2480 litera
791 2429 996 2493 quidem
1030 2428 1289 2482 mutanda.
1314 2437 1421 2479 erat
1458 2420 1782 2501 Et‘lgepae:
1828 2419 2171 2483 edictiones
2202 2423 2306 2482 αό-

396 2504 634 2565 dllicias
675 2506 780 2565 llic
822 2503 1073 2584 quidem
1113 2505 1319 2564 habet.
1364 2527 1481 2562 nam
1516 2510 1685 2562 hiatus
1724 2512 2102 2563 exclamationis
2137 2515 2306 2564 nullus

396 2604 488 2645 est.
526 2623 595 2632 —
635 2596 698 2646 V.
725 2593 827 2648 831
867 2596 942 2645 sic
979 2595 1150 2645 malim
1186 2597 1444 2659 transponi
1484 2588 1606 2649 Hic
1648 2589 1830 2649 homo
1868 2589 2095 2669 recipit
2125 2608 2192 2649 se
2227 2588 2305 2649 ad

395 2689 493 2731 me
537 2670 616 2731 ad
657 2690 900 2733 cenam:
943 2692 1095 2729 versu
1130 2683 1300 2727 autem
1339 2681 1567 2741 sequenti
1603 2679 1788 2729 nollem
1821 2678 1970 2729 Nonii
2007 2682 2307 2744 scripturam

395 2748 598 2805 exilium
633 2756 763 2808 dabo
798 2757 851 2807 in
887 2755 1126 2805 orationis
1162 2754 1389 2804 ordinem
1425 2755 1757 2820 recepissem,
1810 2763 2033 2820 praestat
2075 2757 2209 2805 enim
2246 2755 2310 2804 li·

398 2834 599 2882 brorum
632 2833 974 2883 Plautinorum
1018 2823 1271 2883 exitium
1315 2821 1551 2885 adfero.
1597 2855 1685 2872 —-·
1735 2832 1798 2881 V.
1827 2828 1959 2890 885,
2000 2832 2045 2880 si
2082 2846 2199 2881 vere
2234 2844 2306 2878 ’Π

396 2910 448 2957 in
481 2908 680 2975 Proleg.
718 2909 853 2958 Trin.
895 2923 944 2972 p.
970 2919 1210 2958 onxxxtx
1245 2906 1620 2973 monosyllabas
1649 2909 2037 2958 exclamationes
2068 2923 2306 2970 umquam

397 2976 550 3025 elisas
603 2992 715 3027 esse
768 2977 991 3043 negasti,
1041 2977 1335 3043 naeuetati
1369 2981 1485 3026 tuae
1524 2991 1555 3025 a
1588 2985 1740 3042 poeta
1776 2976 2017 3040 scriptum
2056 2991 2170 3026 esse
2208 2991 2309 3025 non

396 3060 590 3118 potest:
628 3053 980 3119 corrigendum
1018 3053 1176 3119 igitur
1213 3051 1412 3101 videtur
1449 3043 1582 3107 Vae
1624 3045 1792 3104 uitae
1834 3053 2011 3123 tuae,
2054 3067 2205 3118 quam
2234 3052 2309 3101 lo-

389 3131 648 3179 cutionem
685 3141 760 3179 ων
778 3130 846 3178 -in
885 3129 1210 3180 adnotatione
1245 3128 1313 3178 ad
1351 3126 1504 3178 Stich.
1532 3125 1638 3179 594
1672 3143 1822 3193 quem
1857 3143 2061 3179 versum
2095 3129 2310 3194 palmari

401 3197 746 3248 emendatione
802 3198 982 3247 eodem
1018 3197 1200 3247 mendo
1245 3197 1399 3246 aliam
1436 3197 1586 3246 etiam
1625 3199 1688 3248 ob
1727 3211 1934 3247 causam
1968 3199 2312 3263 pei-purgasti,

397 3266 549 3317 ’iuius
595 3266 756 3332 ipsius
808 3266 1022 3315 fortasse
1072 3280 1246 3316 versus
1293 3280 1485 3315 mernor
1531 3256 1607 3322 ὥς
1641 3256 1703 3314 ἐν
1738 3257 1971 3333 παρόδῳ
2008 3280 2312 3317 commemo-

397 3345 535 3383 rasta.
575 3361 644 3371 —
682 3334 744 3383 V.
769 3330 867 3386 891
911 3343 959 3384 et
993 3331 1097 3386 897
1133 3342 1342 3399 propter
1385 3333 1784 3385 adliterationem
1825 3338 2051 3399 praestat
2091 3335 2311 3384 scribere

395 3402 647 3484 uideor,
701 3422 852 3464 uera
907 3405 959 3463 si
1013 3403 1288 3465 autumas
1324 3419 1373 3460 et
1408 3400 1670 3483 uictum,
1720 3422 1873 3464 uera
1916 3405 1969 3463 si
2012 3404 2311 3466 autumas.
