2584 3834
376 288 383 293 ,
425 234 571 288 XXX
681 235 999 287 EPISTVLA
1035 233 1287 286 CRITICA
1324 233 1411 284 AD
1450 235 1613 285 FRID.
1642 234 2085 286 RITSCHELIVM.

422 391 607 453 quibus
632 402 705 438 ‘rv
723 391 775 439 in
807 388 1160 439 commentario
1188 402 1293 437 ‘tvo
1326 388 1496 436 critico
1515 387 1805 437 Humanum
1827 402 2009 437 nomen
2038 386 2341 451 ascripsisti,

422 457 694 521 aliquando
733 473 845 507 cum
873 457 1220 506 Trinummum
1252 457 1435 506 iterum
1467 457 1587 506 edes
1615 456 1788 506 Rmzu
1819 457 2071 506 ascribere
2101 454 2338 504 debebis:

424 542 471 576 v.
490 526 591 577 1⁶20
613 541 794 590 posses
821 540 912 591 pro
936 527 1141 588 possis:
1175 521 1280 576 230
1296 526 1363 574 sit
1379 538 1470 589 pro
1488 527 1613 576 siet.-
1648 522 1747 575 231
1767 526 1836 575 sit
1852 523 2120 587 uoluptatis
2139 537 2232 587 pro
2253 537 2340 572 uo·

421 596 629 658 luptatis
659 597 756 644 sit.-
799 591 906 645 308
940 596 1098 644 seruit
1121 607 1212 658 pro
1240 592 1485 643 seruibie:
1517 589 1622 645 367
1641 595 1886 656 apiscitur
1902 608 1993 658 pro
2015 592 2342 654 adipiscitur.-

420 661 526 715 388
543 671 672 713 tuum
690 665 791 712 erit
809 678 899 728 pro
920 664 1019 713 erit
1037 670 1166 712 cuum
1179 678 1198 710 .·
1233 657 1340 711 470
1359 656 1514 710 coena
1531 664 1599 711 sit
1615 677 1707 727 pro
1727 663 1794 711 sil
1809 676 1996 711 coena.-
2031 658 2134 711 492
2154 661 2341 710 animai

422 747 514 797 pro
552 734 776 782 auinaue:
813 728 916 781 557
952 731 1015 781 ab
1052 747 1108 781 se
1146 744 1237 795 pro
1280 729 1343 778 ab
1380 744 1523 780 sese:
1557 728 1661 781 606
1696 738 1748 780 ιιι
1780 732 1943 781 nullus
1971 730 2147 791 edepol
2177 735 2343 793 pro‘tu

416 801 600 861 edepol
624 801 816 851 nullus:
852 795 955 851 677
975 800 1141 864 Atque
1159 799 1207 849 si
1222 800 1329 848 eris
1358 813 1449 863 pro
1483 797 1648 863 Atque
1667 801 1765 849 erit
1779 803 1827 848 si
1837 816 1856 848 .·
1892 798 1967 864 (v.
1982 794 2085 850 730
2105 797 2228 848 Pote
2247 812 2339 862 pro

421 871 599 919 Potest
631 869 767 917 idem
803 869 1019 917 correxit
1052 875 1168 917 ante
1203 867 1481 918 Bou-mvn:
1518 883 1567 917 ν.
1592 865 1694 919 742
1731 867 1823 917 Ex
1855 883 1919 917 ea
1956 866 2143 930 largiri
2178 873 2226 915 te
2267 866 2345 915 illi

423 951 576 1001 quam
613 936 1015 987 emendationem
1050 937 1417 987 Ambrosianus
1453 936 1794 986 confirmavit:
1829 952 1879 987 v.
1900 933 2006 988 848
2034 936 2181 984 trium
2207 950 2341 983 num-

416 1021 544 1057 mum
590 1020 681 1070 pro
725 1006 872 1055 tn'um
917 1020 1209 1055 nunnnorum
1256 1012 1371 1055 ante
1408 1017 1478 1053 ‘1³13
1492 1004 1534 1068 z)
1580 1001 1682 1056 885
1720 1004 1853 1055 Ante
1890 1007 2042 1054 lucem
2075 1005 2124 1053 si
2154 1017 2245 1067 pro
2283 1002 2345 1051 Si

422 1082 538 1124 ante
584 1075 766 1124 lucem:
813 1070 916 1124 922
956 1075 1107 1125 Char.
1131 1073 1239 1124 GH.
1263 1073 1492 1126 Chares?
1541 1088 1633 1139 pro
1672 1073 1824 1124 char.
1857 1073 1968 1124 GH.
2001 1072 2086 1121 An
2115 1072 2341 1124 chares?

423 1142 500 1206 (v.
525 1140 629 1194 952
665 1142 883 1192 Norisne
914 1156 1004 1207 pro
1042 1143 1322 1193 Nouerisne
1359 1149 1414 1190 ut
1449 1139 1767 1207 Gvrn'rvsz)
1803 1140 1907 1193 955
1937 1140 2218 1204 Philippum
2245 1155 2338 1204 pro

423 1211 757 1275 Philippeum:
811 1206 916 1261 956
963 1210 1103 1261 aibat
1149 1225 1241 1275 pro
1287 1209 1485 1260 aiebat:
1543 1206 1646 1263 969
1683 1218 1732 1262 te
1768 1227 1803 1261 a
1835 1227 1909 1261 me
1945 1224 2035 1275 pro
2084 1225 2119 1260 a
2152 1224 2225 1259 me
2260 1216 2340 1259 te.-

419 1277 526 1332 974
559 1282 626 1330 mi
653 1280 923 1343 obrepsisti
949 1295 1041 1345 pro
1065 1279 1361 1343 obrepsisti:
1399 1278 1533 1330 1115
1552 1279 1788 1329 hominum
1803 1281 2008 1331 munium
2025 1292 2115 1343 pro
2135 1278 2339 1328 omnium

420 1349 688 1400 hominum.-
727 1346 856 1401 1131
892 1349 1157 1413 repetundi
1188 1348 1247 1397 id
1279 1361 1373 1412 pro
1407 1347 1464 1396 id
1490 1349 1770 1410 repetundi.
1806 1373 1880 1387 ·—·
1929 1348 2188 1397 Postremo
2224 1347 2338 1410 ipse

421 1417 547 1468 haec
598 1419 648 1467 in
690 1417 981 1467 Trinummo
1029 1416 1285 1466 emendari
1331 1428 1484 1479 posse
1528 1415 1632 1464 iam
1679 1431 1812 1466 nunc
1845 1414 2092 1465 intellexi:
2143 1432 2193 1466 v.
2233 1411 2338 1466 429

422 1487 602 1536 vellem
658 1487 733 1536 sio
785 1486 1042 1535 dedissem
1096 1492 1151 1533 ut
1201 1496 1273 1531 ‘rv
1334 1483 1385 1532 in
1443 1482 1640 1548 Proleg.
1692 1498 1745 1549 p.
1782 1497 1873 1534 ext
1921 1483 2340 1533 commendavIsti

421 1555 544 1615 LE.
573 1554 910 1614 Facttimst.
970 1552 1093 1614 ST.
1126 1551 1214 1613 vt
1243 1549 1492 1630 quidem
1519 1549 1665 1611 illut
1690 1552 1986 1633 perierit:
2031 1574 2080 1608 v.
2101 1556 2204 1610 652
2232 1571 2336 1612 re-

417 1637 619 1716 linqui
654 1638 731 1695 db
767 1653 901 1695 eam
935 1654 1070 1696 rem
1102 1635 1283 1696 enixe
1319 1634 1539 1714 &xpeto
1572 1657 1683 1693 cum
1719 1642 1860 1693 libris
1894 1650 2097 1709 praeter
2117 1643 2180 1693 V.
2206 1643 2259 1693 G.
2282 1646 2335 1694 in

423 1721 566 1769 cuius
602 1719 847 1768 mendosa
878 1720 1128 1784 scriptura
1159 1732 1231 1767 ‘rv
1267 1719 1478 1768 nimium
1514 1720 1828 1781 quaesivisse
1864 1720 2037 1771 videre
2074 1719 2182 1786 (cll.
2213 1719 2338 1777 Pro-

421 1797 520 1860 leg.
546 1811 599 1860 p.
624 1808 782 1846 cxom
803 1793 937 1860 sq.):
972 1810 1021 1845 v.
1042 1790 1145 1848 707
1192 1769 1340 1866 Agit
1387 1788 1490 1847 hic
1538 1808 1633 1848 mn
1678 1789 1727 1848 's
1768 1811 1882 1845 cum
1915 1796 2122 1857 Rsstzto:
2160 1812 2207 1845 v.
2233 1794 2338 1848 718

422 1872 602 1922 vellem
646 1885 759 1921 cum
793 1869 1016 1922 Gvrn'ro
1057 1872 1354 1923 delevissem
1390 1870 1535 1921 hinc.-
1570 1888 1616 1921 v.
1674 1868 1743 1923 66
1780 1874 2071 1922 ascivissem
2098 1873 2235 1935 quod
2261 1887 2335 1923 τι*

424 1950 474 1997 in
510 1947 834 1998 adnotatIoue
867 1949 1181 2012 proposuisti
1226 1958 1382 2019 quae
1427 1939 1575 2017 [hic]
1620 1958 1744 2000 non
1787 1942 2036 2000 uisitata
2070 1941 2154 2000 sit
2195 1951 2334 2011 quod

425 2024 574 2089 plane
625 2023 964 2072 necessarium
1017 2037 1131 2073 esse
1175 2024 1396 2081 videtum
1455 2038 1501 2071 v.
1531 2019 1632 2074 792
1669 2023 1848 2073 vellem
1885 2025 1956 2073 ita
1992 2025 2246 2074 dedissem
2279 2033 2336 2074 ut

422 2098 645 2148 Rmzrvs
684 2110 797 2146 eum
833 2097 1104 2161 perpolivit
1137 2088 1321 2151 Illt'lm
1371 2108 1552 2170 quem
1585 2091 1802 2151 habuit
1833 2091 2141 2173 perdidit,
2183 2093 2337 2153 fecit

423 2192 679 2233 nouom:
725 2180 845 2242 quia
886 2180 1139 2243 perdidit,
1191 2189 1246 2232 ut
1292 2181 1413 2231 alibi
1461 2182 1696 2246 probavi,
1753 2183 1806 2233 in
1837 2185 2033 2234 senario
2070 2199 2134 2233 ne
2169 2192 2336 2251 potest

376 2266 385 2270 ·
424 2257 628 2320 quidem
675 2255 858 2321 dactyli
902 2271 1191 2308 mensuram
1242 2273 1526 2322 exaequare
1572 2259 1665 2309 sed
1696 2274 1788 2324 per
1823 2275 1879 2312 se
1911 2264 2146 2312 creticum
2180 2263 2335 2315 efficit

423 2326 515 2390 (de
554 2325 698 2374 hiatu
742 2331 913 2374 autem
996 2323 1110 2376 ue‘m
1141 2326 1315 2377 habuit
1348 2342 1449 2377 non
1485 2335 1561 2377 est
1593 2329 1732 2391 quod
1764 2345 1994 2380 vereare:
2049 2331 2166 2381 vide
2202 2347 2334 2396 quae

423 2408 579 2457 supra
628 2393 695 2443 ad
743 2392 927 2458 Amph.
955 2342 1058 2446 336
1103 2394 1264 2460 dixi):
1320 2403 1426 2445 tum
1473 2411 1591 2447 vero
1639 2411 1752 2448 sero
1789 2398 2013 2450 intellexi
2048 2408 2165 2464 post
2199 2399 2336 2452 hunc

424 2476 623 2511 versum
659 2462 888 2511 lacunam
922 2465 1072 2513 unius
1108 2478 1284 2514 versus
1319 2464 1701 2531 significandam
1731 2466 1918 2526 fuisse,
1958 2483 2070 2516 cum
2095 2460 2333 2519 credibile

422 2544 522 2580 non
567 2531 634 2579 sit
684 2537 888 2595 poetam
935 2533 1022 2594 qui
1072 2539 1329 2583 sescentas
1382 2548 1561 2583 causas
1606 2534 1792 2601 conligi
1828 2550 1982 2600 posse
2019 2536 2333 2588 adfirmasset

423 2598 560 2649 illam
598 2613 748 2653 unam
783 2599 981 2651 adferre
1013 2601 1138 2650 satis
1173 2600 1441 2663 habuisse,
1481 2603 1598 2652 vide
1630 2603 1780 2653 modo
1818 2603 1920 2652 Mil.
1944 2602 2047 2656 250
2079 2620 2188 2669 sqq.

559 2666 692 2740 Haec
739 2666 843 2716 fere
886 2677 1003 2719 sunt
1040 2684 1171 2733 quae
1223 2683 1321 2728 m,
1374 2670 1670 2721 erscxum
1714 2672 1997 2733 carissime,
2055 2682 2104 2723 et
2138 2680 2332 2725 ceteros

422 2736 506 2797 qui
544 2735 640 2785 hac
674 2751 784 2786 mea
817 2737 983 2801 opella
1017 2745 1222 2788 utentur
1252 2740 1445 2788 nescire
1482 2738 1637 2789 nolui.
1679 2753 1754 2789 ‘tv
1788 2756 1907 2790 vero
1941 2740 2111 2792 valeas
2150 2746 2331 2807 meque

416 2809 476 2851 nt
523 2803 646 2853 facis
694 2811 866 2855 mutuo
915 2805 1114 2871 diligas.
1189 2805 1480 2857 Scribebam
1533 2823 1707 2858 mense
1760 2810 1901 2860 lunio
1953 2812 2072 2859 anni
2113 2823 2331 2863 noceor.

414 2869 706 2938 ‘Weiiburgi
744 2873 811 2923 ad
846 2872 1123 2941 Loganam.
