<?xml version="1.0" encoding="UTF-8"?>
<!DOCTYPE html PUBLIC "-//W3C//DTD XHTML 1.0 Transitional//EN"
    "http://www.w3.org/TR/xhtml1/DTD/xhtml1-transitional.dtd">
<html xmlns="http://www.w3.org/1999/xhtml" xml:lang="en" lang="en">
 <head>
  <title>
</title>
<meta http-equiv="Content-Type" content="text/html;charset=utf-8" />
  <meta name='ocr-system' content='tesseract 3.04.00' />
  <meta name='ocr-capabilities' content='ocr_page ocr_carea ocr_par ocr_line ocrx_word'/>
</head>
<body>
  <div class='ocr_page' id='page_1' title='image "./comoediae01flecgoog_0035.png"; bbox 0 0 2584 3834; ppageno 0'>
   <div class='ocr_carea' id='block_1_1' title="bbox 802 219 2161 274">
    <p class='ocr_par' dir='ltr' id='par_1_1' title="bbox 802 219 2161 274">
     <span class='ocr_line' id='line_1_1' title="bbox 802 219 2161 274; baseline 0 0"><span class='ocrx_word' id='word_1_1' title='bbox 802 223 890 274; x_wconf 78' lang='lat' dir='ltr'>AD</span> <span class='ocrx_word' id='word_1_2' title='bbox 928 222 1090 273; x_wconf 72' lang='lat' dir='ltr'>Fun).</span> <span class='ocrx_word' id='word_1_3' title='bbox 1125 220 1573 273; x_wconf 72' lang='lat' dir='ltr'>m‘rsanlem.</span> <span class='ocrx_word' id='word_1_4' title='bbox 1966 219 2161 274; x_wconf 70' lang='lat' dir='ltr'>ml!</span> 
     </span>
    </p>
   </div>
   <div class='ocr_carea' id='block_1_2' title="bbox 226 355 2148 619">
    <p class='ocr_par' dir='ltr' id='par_1_2' title="bbox 226 355 2148 619">
     <span class='ocr_line' id='line_1_2' title="bbox 226 355 2146 452; baseline -0.001 -18"><span class='ocrx_word' id='word_1_5' title='bbox 226 393 282 434; x_wconf 80' lang='lat' dir='ltr'>et</span> <span class='ocrx_word' id='word_1_6' title='bbox 315 384 522 450; x_wconf 78' lang='lat' dir='ltr'>Proleg.</span> <span class='ocrx_word' id='word_1_7' title='bbox 541 384 678 434; x_wconf 87' lang='lat' dir='ltr'>Trin.</span> <span class='ocrx_word' id='word_1_8' title='bbox 715 397 767 448; x_wconf 90' lang='lat' dir='ltr'>p.</span> <span class='ocrx_word' id='word_1_9' title='bbox 785 396 913 432; x_wconf 68' lang='grc' dir='ltr'>σιω</span> <span class='ocrx_word' id='word_1_10' title='bbox 944 390 991 432; x_wconf 89' lang='lat' dir='ltr'>et</span> <span class='ocrx_word' id='word_1_11' title='bbox 1022 380 1294 446; x_wconf 79' lang='lat' dir='ltr'>cccxxv):</span> <span class='ocrx_word' id='word_1_12' title='bbox 1334 380 1504 431; x_wconf 87' lang='lat' dir='ltr'>malim</span> <span class='ocrx_word' id='word_1_13' title='bbox 1522 381 1676 446; x_wconf 78' lang='lat' dir='ltr'>igitur</span> <span class='ocrx_word' id='word_1_14' title='bbox 1705 355 1803 433; x_wconf 74' lang='grc' dir='ltr'>Ᾰᾶ.</span> <span class='ocrx_word' id='word_1_15' title='bbox 1828 391 1966 445; x_wconf 79' lang='lat' dir='ltr'>eum</span> <span class='ocrx_word' id='word_1_16' title='bbox 1987 374 2146 452; x_wconf 67' lang='lat' dir='ltr'>{bot}</span> 
     </span>
     <span class='ocr_line' id='line_1_3' title="bbox 227 457 2145 537; baseline -0.004 -17"><span class='ocrx_word' id='word_1_17' title='bbox 227 479 269 519; x_wconf 76' lang='lat' dir='ltr'>a</span> <span class='ocrx_word' id='word_1_18' title='bbox 309 466 416 520; x_wconf 83' lang='lat' dir='ltr'>tua</span> <span class='ocrx_word' id='word_1_19' title='bbox 460 460 611 519; x_wconf 79' lang='lat' dir='ltr'>mihi</span> <span class='ocrx_word' id='word_1_20' title='bbox 653 457 840 537; x_wconf 87' lang='lat' dir='ltr'>[esse]</span> <span class='ocrx_word' id='word_1_21' title='bbox 883 475 1091 518; x_wconf 85' lang='lat' dir='ltr'>uxore.</span> <span class='ocrx_word' id='word_1_22' title='bbox 1120 490 1208 504; x_wconf 89' lang='lat'>·—·</span> <span class='ocrx_word' id='word_1_23' title='bbox 1247 465 1310 514; x_wconf 88' lang='lat' dir='ltr'>v.</span> <span class='ocrx_word' id='word_1_24' title='bbox 1332 459 1435 515; x_wconf 87' lang='grc'>807</span> <span class='ocrx_word' id='word_1_25' title='bbox 1468 463 1691 528; x_wconf 79' lang='lat' dir='ltr'>paenitet</span> <span class='ocrx_word' id='word_1_26' title='bbox 1729 479 1807 512; x_wconf 84' lang='lat' dir='ltr'>me</span> <span class='ocrx_word' id='word_1_27' title='bbox 1826 464 1888 513; x_wconf 78' lang='lat' dir='ltr'>v.</span> <span class='ocrx_word' id='word_1_28' title='bbox 1914 463 2145 528; x_wconf 59' lang='lat' dir='ltr'>ascrip-</span> 
     </span>
     <span class='ocr_line' id='line_1_4' title="bbox 228 541 2148 619; baseline -0.003 -20"><span class='ocrx_word' id='word_1_29' title='bbox 228 557 400 599; x_wconf 84' lang='lat' dir='ltr'>turam</span> <span class='ocrx_word' id='word_1_30' title='bbox 455 544 652 619; x_wconf 74' lang='lat' dir='ltr'>Quem</span> <span class='ocrx_word' id='word_1_31' title='bbox 695 541 1050 602; x_wconf 66' lang='lat' dir='ltr'>ndminem‘?</span> <span class='ocrx_word' id='word_1_32' title='bbox 1102 546 1388 612; x_wconf 83' lang='lat' dir='ltr'>sprevisse,</span> <span class='ocrx_word' id='word_1_33' title='bbox 1445 546 1564 595; x_wconf 88' lang='lat' dir='ltr'>item</span> <span class='ocrx_word' id='word_1_34' title='bbox 1622 561 1670 596; x_wconf 84' lang='lat' dir='ltr'>v.</span> <span class='ocrx_word' id='word_1_35' title='bbox 1716 542 1849 597; x_wconf 82' lang='grc'><strong>1322</strong></span> <span class='ocrx_word' id='word_1_36' title='bbox 1906 546 1957 595; x_wconf 89' lang='lat' dir='ltr'>id</span> <span class='ocrx_word' id='word_1_37' title='bbox 2010 545 2148 607; x_wconf 86' lang='lat' dir='ltr'>quod</span> 
     </span>
    </p>
   </div>
   <div class='ocr_carea' id='block_1_3' title="bbox 228 622 2147 702">
    <p class='ocr_par' dir='ltr' id='par_1_3' title="bbox 228 622 2147 702">
     <span class='ocr_line' id='line_1_5' title="bbox 228 622 2147 702; baseline -0.003 -21"><span class='ocrx_word' id='word_1_38' title='bbox 228 632 296 681; x_wconf 79' lang='lat' dir='ltr'>ab</span> <span class='ocrx_word' id='word_1_39' title='bbox 334 647 437 681; x_wconf 85' lang='lat' dir='ltr'>uno</span> <span class='ocrx_word' id='word_1_40' title='bbox 475 632 639 683; x_wconf 84' lang='lat' dir='ltr'>Nonio</span> <span class='ocrx_word' id='word_1_41' title='bbox 676 638 932 683; x_wconf 75' lang='lat' dir='ltr'>servatum</span> <span class='ocrx_word' id='word_1_42' title='bbox 965 639 1041 682; x_wconf 89' lang='lat' dir='ltr'>est</span> <span class='ocrx_word' id='word_1_43' title='bbox 1085 622 1393 702; x_wconf 63' lang='lat' dir='ltr'>quemuis}</span> <span class='ocrx_word' id='word_1_44' title='bbox 1448 628 1655 678; x_wconf 86' lang='lat' dir='ltr'>Plautus</span> <span class='ocrx_word' id='word_1_45' title='bbox 1696 630 1827 679; x_wconf 89' lang='lat' dir='ltr'>enim</span> <span class='ocrx_word' id='word_1_46' title='bbox 1865 634 2147 678; x_wconf 74' lang='lat' dir='ltr'>constanter</span> 
     </span>
    </p>
   </div>
   <div class='ocr_carea' id='block_1_4' title="bbox 219 705 2144 2076">
    <p class='ocr_par' dir='ltr' id='par_1_4' title="bbox 219 705 2144 2076">
     <span class='ocr_line' id='line_1_6' title="bbox 226 705 2144 839; baseline -0.002 -13"><span class='ocrx_word' id='word_1_47' title='bbox 226 725 343 827; x_wconf 64' lang='lat' dir='ltr'>fflf</span> <span class='ocrx_word' id='word_1_48' title='bbox 379 709 654 829; x_wconf 45' lang='lat' dir='ltr'>{33³3ssss</span> <span class='ocrx_word' id='word_1_49' title='bbox 699 709 1031 828; x_wconf 54' lang='grc' dir='ltr'>ἓῗιοιῗῗἚὲῗ</span> <span class='ocrx_word' id='word_1_50' title='bbox 1052 715 1133 826; x_wconf 58' lang='lat' dir='ltr'>e?</span> <span class='ocrx_word' id='word_1_51' title='bbox 1154 705 1639 839; x_wconf 50' lang='lat'>331‘0‘5‘3‘05252</span> <span class='ocrx_word' id='word_1_52' title='bbox 1669 721 1782 824; x_wconf 64' lang='lat'>22⁸:</span> <span class='ocrx_word' id='word_1_53' title='bbox 1813 705 2144 836; x_wconf 57' lang='grc' dir='ltr'>ἔὲῒῗὲἓῖμξῑῖῑ</span> 
     </span>
     <span class='ocr_line' id='line_1_7' title="bbox 229 841 2142 911; baseline -0.003 -16"><span class='ocrx_word' id='word_1_54' title='bbox 229 845 418 896; x_wconf 82' lang='lat' dir='ltr'>Bacch.</span> <span class='ocrx_word' id='word_1_55' title='bbox 439 843 543 898; x_wconf 70' lang='lat'>473</span> <span class='ocrx_word' id='word_1_56' title='bbox 579 860 671 911; x_wconf 87' lang='lat' dir='ltr'>pro</span> <span class='ocrx_word' id='word_1_57' title='bbox 707 861 835 910; x_wconf 79' lang='lat' dir='ltr'>quae</span> <span class='ocrx_word' id='word_1_58' title='bbox 869 846 1107 896; x_wconf 71' lang='lat' dir='ltr'>uocatur?</span> <span class='ocrx_word' id='word_1_59' title='bbox 1144 843 1497 908; x_wconf 77' lang='lat' dir='ltr'>corrigendum</span> <span class='ocrx_word' id='word_1_60' title='bbox 1533 843 1599 892; x_wconf 84' lang='lat' dir='ltr'>sit</span> <span class='ocrx_word' id='word_1_61' title='bbox 1707 844 1719 857; x_wconf 89' lang='grc'><em>“</em></span> <span class='ocrx_word' id='word_1_62' title='bbox 1778 844 2021 894; x_wconf 60' lang='lat' dir='ltr'>nocane?</span> <span class='ocrx_word' id='word_1_63' title='bbox 2061 841 2142 893; x_wconf 83' lang='lat' dir='ltr'>cil.</span> 
     </span>
     <span class='ocr_line' id='line_1_8' title="bbox 230 859 2144 978; baseline -0.002 -14"><span class='ocrx_word' id='word_1_64' title='bbox 230 914 336 964; x_wconf 77' lang='lat' dir='ltr'>Mil.</span> <span class='ocrx_word' id='word_1_65' title='bbox 368 913 527 978; x_wconf 80' lang='lat'><strong>436).</strong></span> <span class='ocrx_word' id='word_1_66' title='bbox 584 915 717 963; x_wconf 84' lang='lat' dir='ltr'>Rud.</span> <span class='ocrx_word' id='word_1_67' title='bbox 751 912 884 966; x_wconf 71' lang='grc'>1146</span> <span class='ocrx_word' id='word_1_68' title='bbox 923 913 1042 965; x_wconf 69' lang='lat' dir='ltr'>ctat.</span> <span class='ocrx_word' id='word_1_69' title='bbox 1076 912 1120 962; x_wconf 91' lang='lat'>11</span> <span class='ocrx_word' id='word_1_70' title='bbox 1150 911 1186 962; x_wconf 77' lang='lat'><strong>3</strong></span> <span class='ocrx_word' id='word_1_71' title='bbox 1221 909 1289 964; x_wconf 82' lang='lat'>66</span> <span class='ocrx_word' id='word_1_72' title='bbox 1328 912 1575 976; x_wconf 73' lang='lat' dir='ltr'>quisquis,</span> <span class='ocrx_word' id='word_1_73' title='bbox 1627 859 1799 963; x_wconf 43' lang='lat'>(33²1</span> <span class='ocrx_word' id='word_1_74' title='bbox 1843 913 1867 962; x_wconf 87' lang='lat'><em>1</em></span> <span class='ocrx_word' id='word_1_75' title='bbox 1906 909 1976 964; x_wconf 84' lang='lat'>68</span> <span class='ocrx_word' id='word_1_76' title='bbox 2009 913 2144 976; x_wconf 76' lang='lat' dir='ltr'>quis·</span> 
     </span>
     <span class='ocr_line' id='line_1_9' title="bbox 230 978 2141 1048; baseline -0.002 -15"><span class='ocrx_word' id='word_1_77' title='bbox 230 999 417 1048; x_wconf 80' lang='lat' dir='ltr'>quam,</span> <span class='ocrx_word' id='word_1_78' title='bbox 474 983 575 1033; x_wconf 77' lang='lat' dir='ltr'>Mil.</span> <span class='ocrx_word' id='word_1_79' title='bbox 620 979 758 1035; x_wconf 87' lang='grc'>1060</span> <span class='ocrx_word' id='word_1_80' title='bbox 810 982 941 1032; x_wconf 86' lang='lat' dir='ltr'>Rud.</span> <span class='ocrx_word' id='word_1_81' title='bbox 983 978 1088 1033; x_wconf 80' lang='lat'>406</span> <span class='ocrx_word' id='word_1_82' title='bbox 1141 995 1458 1046; x_wconf 72' lang='grc' dir='ltr'>φιεηιφιαω,</span> <span class='ocrx_word' id='word_1_83' title='bbox 1528 979 1659 1030; x_wconf 84' lang='lat' dir='ltr'>Rud.</span> <span class='ocrx_word' id='word_1_84' title='bbox 1697 978 1801 1032; x_wconf 83' lang='lat'>813</span> <span class='ocrx_word' id='word_1_85' title='bbox 1854 982 2141 1047; x_wconf 76' lang='lat' dir='ltr'>quempiam,</span> 
     </span>
     <span class='ocr_line' id='line_1_10' title="bbox 231 1050 2140 1117; baseline -0.001 -18"><span class='ocrx_word' id='word_1_86' title='bbox 231 1051 416 1102; x_wconf 84' lang='lat' dir='ltr'>Pseud.</span> <span class='ocrx_word' id='word_1_87' title='bbox 450 1053 471 1101; x_wconf 90' lang='lat'>1</span> <span class='ocrx_word' id='word_1_88' title='bbox 505 1050 538 1099; x_wconf 92' lang='grc'><strong>2</strong></span> <span class='ocrx_word' id='word_1_89' title='bbox 574 1050 642 1102; x_wconf 91' lang='grc'>52</span> <span class='ocrx_word' id='word_1_90' title='bbox 677 1065 910 1117; x_wconf 77' lang='lat' dir='ltr'><em>quemque</em></span> <span class='ocrx_word' id='word_1_91' title='bbox 944 1050 1058 1114; x_wconf 88' lang='lat' dir='ltr'>(ubi</span> <span class='ocrx_word' id='word_1_92' title='bbox 1094 1050 1249 1099; x_wconf 81' lang='lat' dir='ltr'>verba</span> <span class='ocrx_word' id='word_1_93' title='bbox 1285 1050 1362 1099; x_wconf 88' lang='lat' dir='ltr'>sio</span> <span class='ocrx_word' id='word_1_94' title='bbox 1400 1063 1514 1098; x_wconf 85' lang='lat' dir='ltr'>esse</span> <span class='ocrx_word' id='word_1_95' title='bbox 1548 1050 1924 1115; x_wconf 85' lang='lat' dir='ltr'>transponenda</span> <span class='ocrx_word' id='word_1_96' title='bbox 1958 1063 2140 1100; x_wconf 87' lang='lat' dir='ltr'>censeo</span> 
     </span>
     <span class='ocr_line' id='line_1_11' title="bbox 228 1114 2142 1186; baseline -0.003 -16"><span class='ocrx_word' id='word_1_97' title='bbox 228 1128 286 1170; x_wconf 76' lang='lat' dir='ltr'>ue</span> <span class='ocrx_word' id='word_1_98' title='bbox 336 1135 429 1170; x_wconf 77' lang='lat' dir='ltr'>suo</span> <span class='ocrx_word' id='word_1_99' title='bbox 483 1135 714 1186; x_wconf 78' lang='lat' dir='ltr'>quemque</span> <span class='ocrx_word' id='word_1_100' title='bbox 766 1122 1008 1183; x_wconf 81' lang='lat' dir='ltr'><em>appellem</em></span> <span class='ocrx_word' id='word_1_101' title='bbox 1057 1117 1305 1179; x_wconf 80' lang='lat' dir='ltr'>nomine):</span> <span class='ocrx_word' id='word_1_102' title='bbox 1361 1117 1480 1166; x_wconf 87' lang='lat' dir='ltr'>add.</span> <span class='ocrx_word' id='word_1_103' title='bbox 1538 1116 1665 1168; x_wconf 85' lang='lat' dir='ltr'>Non.</span> <span class='ocrx_word' id='word_1_104' title='bbox 1718 1132 1773 1183; x_wconf 85' lang='lat' dir='ltr'>p.</span> <span class='ocrx_word' id='word_1_105' title='bbox 1811 1114 1909 1170; x_wconf 95' lang='grc'>197</span> <span class='ocrx_word' id='word_1_106' title='bbox 1965 1134 2044 1181; x_wconf 86' lang='lat' dir='ltr'>sq.</span> <span class='ocrx_word' id='word_1_107' title='bbox 2093 1128 2142 1166; x_wconf 87' lang='lat' dir='ltr'>et</span> 
     </span>
     <span class='ocr_line' id='line_1_12' title="bbox 232 1182 2140 1252; baseline -0.001 -15"><span class='ocrx_word' id='word_1_108' title='bbox 232 1189 608 1240; x_wconf 68' lang='lat' dir='ltr'>Rvnnxmuvu</span> <span class='ocrx_word' id='word_1_109' title='bbox 655 1189 720 1237; x_wconf 81' lang='lat' dir='ltr'>ad</span> <span class='ocrx_word' id='word_1_110' title='bbox 770 1188 1019 1238; x_wconf 78' lang='lat' dir='ltr'>Rufinian.</span> <span class='ocrx_word' id='word_1_111' title='bbox 1060 1201 1114 1252; x_wconf 87' lang='lat' dir='ltr'>p.</span> <span class='ocrx_word' id='word_1_112' title='bbox 1135 1183 1258 1239; x_wconf 88' lang='grc'>268.</span> <span class='ocrx_word' id='word_1_113' title='bbox 1290 1209 1366 1226; x_wconf 83' lang='lat'>--</span> <span class='ocrx_word' id='word_1_114' title='bbox 1409 1186 1470 1234; x_wconf 88' lang='lat' dir='ltr'>V.</span> <span class='ocrx_word' id='word_1_115' title='bbox 1492 1182 1595 1237; x_wconf 82' lang='lat'>985</span> <span class='ocrx_word' id='word_1_116' title='bbox 1629 1188 1800 1236; x_wconf 87' lang='lat' dir='ltr'>neseio</span> <span class='ocrx_word' id='word_1_117' title='bbox 1837 1203 1938 1250; x_wconf 93' lang='lat' dir='ltr'>quo</span> <span class='ocrx_word' id='word_1_118' title='bbox 1976 1201 2140 1237; x_wconf 86' lang='lat' dir='ltr'>errore</span> 
     </span>
     <span class='ocr_line' id='line_1_13' title="bbox 230 1255 2137 1319; baseline -0.002 -12"><span class='ocrx_word' id='word_1_119' title='bbox 230 1256 422 1307; x_wconf 78' lang='lat' dir='ltr'>factum</span> <span class='ocrx_word' id='word_1_120' title='bbox 458 1258 524 1306; x_wconf 83' lang='lat' dir='ltr'>sit</span> <span class='ocrx_word' id='word_1_121' title='bbox 557 1265 614 1306; x_wconf 86' lang='lat' dir='ltr'>ut</span> <span class='ocrx_word' id='word_1_122' title='bbox 651 1257 1051 1306; x_wconf 80' lang='lat' dir='ltr'>emendationem</span> <span class='ocrx_word' id='word_1_123' title='bbox 1083 1256 1313 1318; x_wconf 73' lang='lat' dir='ltr'>aperitur</span> <span class='ocrx_word' id='word_1_124' title='bbox 1337 1255 1472 1317; x_wconf 70' lang='lat' dir='ltr'>foris</span> <span class='ocrx_word' id='word_1_125' title='bbox 1506 1267 1691 1304; x_wconf 69' lang='lat' dir='ltr'>‘ruscum</span> <span class='ocrx_word' id='word_1_126' title='bbox 1733 1255 1850 1304; x_wconf 87' lang='lat' dir='ltr'>olim</span> <span class='ocrx_word' id='word_1_127' title='bbox 1886 1265 2137 1319; x_wconf 85' lang='lat' dir='ltr'>tamquam</span> 
     </span>
     <span class='ocr_line' id='line_1_14' title="bbox 229 1322 2138 1388; baseline -0.001 -13"><span class='ocrx_word' id='word_1_128' title='bbox 229 1341 399 1376; x_wconf 87' lang='lat' dir='ltr'>meum</span> <span class='ocrx_word' id='word_1_129' title='bbox 436 1327 695 1376; x_wconf 82' lang='lat' dir='ltr'>inventum</span> <span class='ocrx_word' id='word_1_130' title='bbox 731 1327 1149 1376; x_wconf 87' lang='lat' dir='ltr'>communicarem</span> <span class='ocrx_word' id='word_1_131' title='bbox 1187 1323 1279 1388; x_wconf 79' lang='lat' dir='ltr'>(cf.</span> <span class='ocrx_word' id='word_1_132' title='bbox 1313 1322 1475 1387; x_wconf 70' lang='lat' dir='ltr'>praef.</span> <span class='ocrx_word' id='word_1_133' title='bbox 1507 1322 1689 1372; x_wconf 86' lang='lat' dir='ltr'>Bacch.</span> <span class='ocrx_word' id='word_1_134' title='bbox 1730 1339 1780 1388; x_wconf 89' lang='lat' dir='ltr'>p.</span> <span class='ocrx_word' id='word_1_135' title='bbox 1799 1324 1946 1386; x_wconf 80' lang='lat' dir='ltr'>xm),</span> <span class='ocrx_word' id='word_1_136' title='bbox 1987 1337 2138 1387; x_wconf 86' lang='lat' dir='ltr'>quam</span> 
     </span>
     <span class='ocr_line' id='line_1_15' title="bbox 228 1390 2136 1459; baseline -0.002 -15"><span class='ocrx_word' id='word_1_137' title='bbox 228 1410 329 1444; x_wconf 87' lang='lat' dir='ltr'>non</span> <span class='ocrx_word' id='word_1_138' title='bbox 385 1393 549 1445; x_wconf 85' lang='lat' dir='ltr'>solum</span> <span class='ocrx_word' id='word_1_139' title='bbox 602 1393 833 1446; x_wconf 64' lang='lat' dir='ltr'>Bovmvs</span> <span class='ocrx_word' id='word_1_140' title='bbox 889 1394 1152 1459; x_wconf 86' lang='lat' dir='ltr'>occupavit</span> <span class='ocrx_word' id='word_1_141' title='bbox 1206 1392 1301 1441; x_wconf 83' lang='lat' dir='ltr'>sed</span> <span class='ocrx_word' id='word_1_142' title='bbox 1357 1399 1473 1441; x_wconf 89' lang='lat' dir='ltr'>ante</span> <span class='ocrx_word' id='word_1_143' title='bbox 1515 1390 1650 1441; x_wconf 86' lang='lat' dir='ltr'>hunc</span> <span class='ocrx_word' id='word_1_144' title='bbox 1695 1394 1846 1441; x_wconf 88' lang='lat' dir='ltr'>etiam</span> <span class='ocrx_word' id='word_1_145' title='bbox 1889 1393 2136 1443; x_wconf 76' lang='lat' dir='ltr'>Rmztvs:</span> 
     </span>
     <span class='ocr_line' id='line_1_16' title="bbox 228 1458 2135 1521; baseline -0.001 -9"><span class='ocrx_word' id='word_1_146' title='bbox 228 1463 368 1512; x_wconf 86' lang='lat' dir='ltr'>idem</span> <span class='ocrx_word' id='word_1_147' title='bbox 421 1479 466 1510; x_wconf 83' lang='lat' dir='ltr'>v.</span> <span class='ocrx_word' id='word_1_148' title='bbox 505 1459 611 1515; x_wconf 84' lang='lat'>998</span> <span class='ocrx_word' id='word_1_149' title='bbox 659 1464 828 1512; x_wconf 87' lang='lat' dir='ltr'>nescio</span> <span class='ocrx_word' id='word_1_150' title='bbox 865 1477 928 1512; x_wconf 84' lang='lat' dir='ltr'>an</span> <span class='ocrx_word' id='word_1_151' title='bbox 966 1477 1082 1512; x_wconf 83' lang='lat' dir='ltr'>vere</span> <span class='ocrx_word' id='word_1_152' title='bbox 1119 1462 1193 1510; x_wconf 88' lang='lat' dir='ltr'>sic</span> <span class='ocrx_word' id='word_1_153' title='bbox 1230 1459 1517 1511; x_wconf 85' lang='lat' dir='ltr'>emendavit</span> <span class='ocrx_word' id='word_1_154' title='bbox 1554 1458 1692 1521; x_wconf 61' lang='lat' dir='ltr'>Quae</span> <span class='ocrx_word' id='word_1_155' title='bbox 1729 1468 1866 1510; x_wconf 77' lang='lat' dir='ltr'>amat</span> <span class='ocrx_word' id='word_1_156' title='bbox 1894 1461 2021 1510; x_wconf 79' lang='lat' dir='ltr'>lmnc</span> <span class='ocrx_word' id='word_1_157' title='bbox 2053 1461 2135 1510; x_wconf 78' lang='lat' dir='ltr'>ko·</span> 
     </span>
     <span class='ocr_line' id='line_1_17' title="bbox 223 1528 2137 1594; baseline -0.001 -14"><span class='ocrx_word' id='word_1_158' title='bbox 223 1533 397 1580; x_wconf 63' lang='lat' dir='ltr'>›ninem</span> <span class='ocrx_word' id='word_1_159' title='bbox 447 1533 588 1582; x_wconf 69' lang='lat' dir='ltr'>uineis</span> <span class='ocrx_word' id='word_1_160' title='bbox 627 1532 838 1594; x_wconf 71' lang='grc' dir='ltr'><strong><em>ἱερίὠωι</em></strong></span> <span class='ocrx_word' id='word_1_161' title='bbox 881 1547 978 1580; x_wconf 73' lang='lat'>—2</span> <span class='ocrx_word' id='word_1_162' title='bbox 1028 1538 1136 1580; x_wconf 85' lang='lat' dir='ltr'>tum</span> <span class='ocrx_word' id='word_1_163' title='bbox 1180 1531 1242 1580; x_wconf 90' lang='lat' dir='ltr'>ab</span> <span class='ocrx_word' id='word_1_164' title='bbox 1293 1528 1474 1579; x_wconf 84' lang='lat' dir='ltr'>eodem</span> <span class='ocrx_word' id='word_1_165' title='bbox 1525 1532 1721 1593; x_wconf 84' lang='lat' dir='ltr'>sumpsi</span> <span class='ocrx_word' id='word_1_166' title='bbox 1758 1530 1896 1592; x_wconf 83' lang='lat' dir='ltr'><strong>qnod</strong></span> <span class='ocrx_word' id='word_1_167' title='bbox 1930 1545 1978 1579; x_wconf 88' lang='lat' dir='ltr'>v.</span> <span class='ocrx_word' id='word_1_168' title='bbox 2008 1529 2137 1581; x_wconf 85' lang='grc'>1005</span> 
     </span>
     <span class='ocr_line' id='line_1_18' title="bbox 224 1597 2139 1665; baseline -0.001 -16"><span class='ocrx_word' id='word_1_169' title='bbox 224 1600 411 1665; x_wconf 75' lang='lat' dir='ltr'>scripsi</span> <span class='ocrx_word' id='word_1_170' title='bbox 446 1601 645 1659; x_wconf 74' lang='lat' dir='ltr'>uidisti,</span> <span class='ocrx_word' id='word_1_171' title='bbox 682 1599 781 1650; x_wconf 88' lang='lat' dir='ltr'>hoc</span> <span class='ocrx_word' id='word_1_172' title='bbox 817 1600 951 1649; x_wconf 85' lang='lat' dir='ltr'>euim</span> <span class='ocrx_word' id='word_1_173' title='bbox 985 1614 1086 1648; x_wconf 88' lang='lat' dir='ltr'>non</span> <span class='ocrx_word' id='word_1_174' title='bbox 1119 1598 1285 1648; x_wconf 86' lang='lat' dir='ltr'>solum</span> <span class='ocrx_word' id='word_1_175' title='bbox 1316 1613 1347 1648; x_wconf 86' lang='lat' dir='ltr'>a</span> <span class='ocrx_word' id='word_1_176' title='bbox 1373 1597 1616 1648; x_wconf 78' lang='lat' dir='ltr'>librorum</span> <span class='ocrx_word' id='word_1_177' title='bbox 1638 1607 1872 1664; x_wconf 84' lang='lat' dir='ltr'>corrupta</span> <span class='ocrx_word' id='word_1_178' title='bbox 1888 1599 2139 1665; x_wconf 88' lang='lat' dir='ltr'>scriptura</span> 
     </span>
     <span class='ocr_line' id='line_1_19' title="bbox 224 1668 2138 1734; baseline -0.001 -16"><span class='ocrx_word' id='word_1_179' title='bbox 224 1671 325 1718; x_wconf 75' lang='lat' dir='ltr'>tuis</span> <span class='ocrx_word' id='word_1_180' title='bbox 364 1670 572 1734; x_wconf 83' lang='lat' dir='ltr'>propius</span> <span class='ocrx_word' id='word_1_181' title='bbox 608 1670 750 1718; x_wconf 85' lang='lat' dir='ltr'>abest</span> <span class='ocrx_word' id='word_1_182' title='bbox 784 1669 877 1717; x_wconf 88' lang='lat' dir='ltr'>sed</span> <span class='ocrx_word' id='word_1_183' title='bbox 911 1668 1061 1716; x_wconf 84' lang='lat' dir='ltr'>etiam</span> <span class='ocrx_word' id='word_1_184' title='bbox 1088 1668 1365 1716; x_wconf 85' lang='lat' dir='ltr'>sententiae</span> <span class='ocrx_word' id='word_1_185' title='bbox 1395 1669 1560 1731; x_wconf 78' lang='lat' dir='ltr'>magis</span> <span class='ocrx_word' id='word_1_186' title='bbox 1580 1669 1811 1717; x_wconf 83' lang='lat' dir='ltr'>convenit</span> <span class='ocrx_word' id='word_1_187' title='bbox 1829 1683 1978 1733; x_wconf 85' lang='lat' dir='ltr'>quam</span> <span class='ocrx_word' id='word_1_188' title='bbox 1999 1668 2138 1731; x_wconf 88' lang='lat' dir='ltr'>quod</span> 
     </span>
     <span class='ocr_line' id='line_1_20' title="bbox 223 1733 2133 1801; baseline -0.002 -15"><span class='ocrx_word' id='word_1_189' title='bbox 223 1750 298 1786; x_wconf 73' lang='lat' dir='ltr'>&#39;rv</span> <span class='ocrx_word' id='word_1_190' title='bbox 334 1737 556 1801; x_wconf 79' lang='lat' dir='ltr'>posuisti</span> <span class='ocrx_word' id='word_1_191' title='bbox 591 1738 792 1788; x_wconf 74' lang='lat' dir='ltr'>uideas.-</span> <span class='ocrx_word' id='word_1_192' title='bbox 827 1753 876 1787; x_wconf 82' lang='lat' dir='ltr'>v.</span> <span class='ocrx_word' id='word_1_193' title='bbox 904 1733 1037 1788; x_wconf 91' lang='grc'>1008</span> <span class='ocrx_word' id='word_1_194' title='bbox 1065 1736 1284 1800; x_wconf 76' lang='lat' dir='ltr'>priorem</span> <span class='ocrx_word' id='word_1_195' title='bbox 1311 1744 1505 1800; x_wconf 85' lang='lat' dir='ltr'>partem</span> <span class='ocrx_word' id='word_1_196' title='bbox 1538 1737 1753 1786; x_wconf 76' lang='lat' dir='ltr'>Rutztvs</span> <span class='ocrx_word' id='word_1_197' title='bbox 1786 1739 1966 1787; x_wconf 89' lang='lat' dir='ltr'>eodem</span> <span class='ocrx_word' id='word_1_198' title='bbox 1983 1738 2133 1786; x_wconf 71' lang='lat' dir='ltr'>mods·</span> 
     </span>
     <span class='ocr_line' id='line_1_21' title="bbox 222 1800 2134 1871; baseline 0 -18"><span class='ocrx_word' id='word_1_199' title='bbox 222 1812 606 1869; x_wconf 76' lang='lat' dir='ltr'><strong>transposuerat</strong></span> <span class='ocrx_word' id='word_1_200' title='bbox 657 1820 719 1854; x_wconf 89' lang='lat' dir='ltr'>ao</span> <span class='ocrx_word' id='word_1_201' title='bbox 766 1819 864 1855; x_wconf 64' lang='lat' dir='ltr'>mv:</span> <span class='ocrx_word' id='word_1_202' title='bbox 923 1820 973 1854; x_wconf 82' lang='lat' dir='ltr'>v.</span> <span class='ocrx_word' id='word_1_203' title='bbox 1016 1800 1152 1856; x_wconf 91' lang='grc'>1088</span> <span class='ocrx_word' id='word_1_204' title='bbox 1206 1804 1343 1853; x_wconf 86' lang='lat' dir='ltr'>idem</span> <span class='ocrx_word' id='word_1_205' title='bbox 1394 1811 1511 1854; x_wconf 84' lang='lat' dir='ltr'>ante</span> <span class='ocrx_word' id='word_1_206' title='bbox 1562 1803 1804 1855; x_wconf 51' lang='lat' dir='ltr'>Bormum</span> <span class='ocrx_word' id='word_1_207' title='bbox 1866 1807 2134 1871; x_wconf 72' lang='lat' dir='ltr'>scripserat</span> 
     </span>
     <span class='ocr_line' id='line_1_22' title="bbox 223 1870 2134 1939; baseline 0.001 -17"><span class='ocrx_word' id='word_1_208' title='bbox 223 1874 418 1923; x_wconf 79' lang='lat' dir='ltr'>audin?</span> <span class='ocrx_word' id='word_1_209' title='bbox 453 1889 544 1939; x_wconf 87' lang='lat' dir='ltr'>pro</span> <span class='ocrx_word' id='word_1_210' title='bbox 585 1875 738 1923; x_wconf 78' lang='lat' dir='ltr'>audin</span> <span class='ocrx_word' id='word_1_211' title='bbox 772 1873 858 1923; x_wconf 75' lang='lat' dir='ltr'>tu?</span> <span class='ocrx_word' id='word_1_212' title='bbox 897 1889 943 1923; x_wconf 85' lang='lat' dir='ltr'>v.</span> <span class='ocrx_word' id='word_1_213' title='bbox 968 1870 1106 1924; x_wconf 77' lang='lat'>1124</span> <span class='ocrx_word' id='word_1_214' title='bbox 1134 1872 1286 1936; x_wconf 73' lang='lat' dir='ltr'>foras</span> <span class='ocrx_word' id='word_1_215' title='bbox 1307 1886 1401 1938; x_wconf 84' lang='lat' dir='ltr'>pro</span> <span class='ocrx_word' id='word_1_216' title='bbox 1433 1873 1584 1936; x_wconf 55' lang='lat' dir='ltr'>foris.</span> <span class='ocrx_word' id='word_1_217' title='bbox 1621 1888 1670 1921; x_wconf 87' lang='lat' dir='ltr'>v.</span> <span class='ocrx_word' id='word_1_218' title='bbox 1695 1872 1824 1926; x_wconf 92' lang='grc'><strong>1127</strong></span> <span class='ocrx_word' id='word_1_219' title='bbox 1846 1882 2134 1924; x_wconf 77' lang='lat' dir='ltr'>ornamenta</span> 
     </span>
     <span class='ocr_line' id='line_1_23' title="bbox 219 1935 2132 2007; baseline -0.001 -15"><span class='ocrx_word' id='word_1_220' title='bbox 219 1957 356 2007; x_wconf 82' lang='lat' dir='ltr'>quae</span> <span class='ocrx_word' id='word_1_221' title='bbox 403 1943 481 1992; x_wconf 71' lang='lat' dir='ltr'>illi</span> <span class='ocrx_word' id='word_1_222' title='bbox 514 1955 606 2006; x_wconf 87' lang='lat' dir='ltr'>pro</span> <span class='ocrx_word' id='word_1_223' title='bbox 644 1948 1026 2007; x_wconf 77' lang='lat' dir='ltr'>ornamentaque</span> <span class='ocrx_word' id='word_1_224' title='bbox 1063 1956 1192 2006; x_wconf 82' lang='lat' dir='ltr'>quae</span> <span class='ocrx_word' id='word_1_225' title='bbox 1227 1942 1328 2000; x_wconf 74' lang='lat' dir='ltr'>illi,</span> <span class='ocrx_word' id='word_1_226' title='bbox 1374 1955 1423 1991; x_wconf 78' lang='lat' dir='ltr'>v.</span> <span class='ocrx_word' id='word_1_227' title='bbox 1452 1935 1581 1992; x_wconf 92' lang='grc'><strong>1217</strong></span> <span class='ocrx_word' id='word_1_228' title='bbox 1616 1943 1811 1992; x_wconf 56' lang='lat' dir='ltr'>sentia&amp;</span> <span class='ocrx_word' id='word_1_229' title='bbox 1834 1942 2009 1992; x_wconf 80' lang='lat' dir='ltr'>uidere</span> <span class='ocrx_word' id='word_1_230' title='bbox 2043 1958 2132 2007; x_wconf 84' lang='lat' dir='ltr'>pro</span> 
     </span>
     <span class='ocr_line' id='line_1_24' title="bbox 222 2008 2134 2076; baseline 0.001 -15"><span class='ocrx_word' id='word_1_231' title='bbox 222 2011 401 2061; x_wconf 76' lang='lat' dir='ltr'>uidere</span> <span class='ocrx_word' id='word_1_232' title='bbox 449 2012 657 2070; x_wconf 75' lang='lat' dir='ltr'>sentiat,</span> <span class='ocrx_word' id='word_1_233' title='bbox 714 2026 762 2060; x_wconf 82' lang='grc' dir='ltr'>ν.</span> <span class='ocrx_word' id='word_1_234' title='bbox 800 2008 935 2061; x_wconf 88' lang='grc'><strong>1252</strong></span> <span class='ocrx_word' id='word_1_235' title='bbox 983 2011 1203 2076; x_wconf 64' lang='lat' dir='ltr'>iano-wel</span> <span class='ocrx_word' id='word_1_236' title='bbox 1244 2010 1406 2060; x_wconf 75' lang='lat' dir='ltr'>animo</span> <span class='ocrx_word' id='word_1_237' title='bbox 1456 2024 1547 2075; x_wconf 86' lang='lat' dir='ltr'>pro</span> <span class='ocrx_word' id='word_1_238' title='bbox 1596 2012 1756 2062; x_wconf 55' lang='lat' dir='ltr'>aniano</span> <span class='ocrx_word' id='word_1_239' title='bbox 1793 2013 2025 2076; x_wconf 65' lang='lat' dir='ltr'>ignoscet.</span> <span class='ocrx_word' id='word_1_240' title='bbox 2065 2036 2134 2047; x_wconf 92' lang='lat'>—</span> 
     </span>
    </p>
   </div>
   <div class='ocr_carea' id='block_1_5' title="bbox 228 2080 2132 2151">
    <p class='ocr_par' dir='ltr' id='par_1_5' title="bbox 228 2080 2132 2151">
     <span class='ocr_line' id='line_1_25' title="bbox 228 2080 2132 2151; baseline 0.002 -14"><span class='ocrx_word' id='word_1_241' title='bbox 228 2085 285 2137; x_wconf 84' lang='lat' dir='ltr'>V.</span> <span class='ocrx_word' id='word_1_242' title='bbox 324 2083 459 2145; x_wconf 80' lang='grc'>1176</span> <span class='ocrx_word' id='word_1_243' title='bbox 508 2088 868 2151; x_wconf 86' lang='lat' dir='ltr'>transpositum</span> <span class='ocrx_word' id='word_1_244' title='bbox 911 2086 1066 2137; x_wconf 70' lang='lat' dir='ltr'>velim</span> <span class='ocrx_word' id='word_1_245' title='bbox 1108 2080 1232 2139; x_wconf 75' lang='lat' dir='ltr'>erit</span> <span class='ocrx_word' id='word_1_246' title='bbox 1271 2081 1423 2141; x_wconf 83' lang='lat' dir='ltr'>hoc:</span> <span class='ocrx_word' id='word_1_247' title='bbox 1480 2086 1659 2137; x_wconf 88' lang='lat' dir='ltr'>eodem</span> <span class='ocrx_word' id='word_1_248' title='bbox 1708 2104 1856 2138; x_wconf 88' lang='lat' dir='ltr'>versu</span> <span class='ocrx_word' id='word_1_249' title='bbox 1906 2090 2132 2141; x_wconf 73' lang='lat' dir='ltr'>Ranzivn</span> 
     </span>
    </p>
   </div>
   <div class='ocr_carea' id='block_1_6' title="bbox 221 2161 2132 2365">
    <p class='ocr_par' dir='ltr' id='par_1_6' title="bbox 221 2161 2132 2365">
     <span class='ocr_line' id='line_1_26' title="bbox 223 2161 2132 2231; baseline 0.002 -18"><span class='ocrx_word' id='word_1_250' title='bbox 223 2164 506 2213; x_wconf 69' lang='lat' dir='ltr'>correxisse</span> <span class='ocrx_word' id='word_1_251' title='bbox 542 2169 598 2212; x_wconf 77' lang='lat' dir='ltr'>ue</span> <span class='ocrx_word' id='word_1_252' title='bbox 631 2164 761 2214; x_wconf 76' lang='lat' dir='ltr'>intro</span> <span class='ocrx_word' id='word_1_253' title='bbox 795 2161 934 2225; x_wconf 84' lang='lat' dir='ltr'>quod</span> <span class='ocrx_word' id='word_1_254' title='bbox 969 2162 1137 2227; x_wconf 87' lang='lat' dir='ltr'>recepi</span> <span class='ocrx_word' id='word_1_255' title='bbox 1169 2161 1297 2226; x_wconf 86' lang='lat' dir='ltr'>(nisi</span> <span class='ocrx_word' id='word_1_256' title='bbox 1332 2163 1471 2225; x_wconf 89' lang='lat' dir='ltr'>quod</span> <span class='ocrx_word' id='word_1_257' title='bbox 1504 2162 1590 2213; x_wconf 86' lang='lat' dir='ltr'>ille</span> <span class='ocrx_word' id='word_1_258' title='bbox 1620 2166 1752 2215; x_wconf 78' lang='lat' dir='ltr'>intro</span> <span class='ocrx_word' id='word_1_259' title='bbox 1788 2174 1842 2216; x_wconf 79' lang='lat' dir='ltr'>ut</span> <span class='ocrx_word' id='word_1_260' title='bbox 1866 2167 2132 2231; x_wconf 86' lang='lat' dir='ltr'>posuerat)</span> 
     </span>
     <span class='ocr_line' id='line_1_27' title="bbox 225 2229 2131 2300; baseline 0.002 -19"><span class='ocrx_word' id='word_1_261' title='bbox 225 2247 316 2296; x_wconf 86' lang='lat' dir='ltr'>pro</span> <span class='ocrx_word' id='word_1_262' title='bbox 366 2231 609 2281; x_wconf 88' lang='lat' dir='ltr'>librorum</span> <span class='ocrx_word' id='word_1_263' title='bbox 652 2231 739 2281; x_wconf 77' lang='lat' dir='ltr'>ubi</span> <span class='ocrx_word' id='word_1_264' title='bbox 780 2232 912 2280; x_wconf 75' lang='lat' dir='ltr'>intro</span> <span class='ocrx_word' id='word_1_265' title='bbox 949 2244 1020 2279; x_wconf 75' lang='lat' dir='ltr'>&#39;rv</span> <span class='ocrx_word' id='word_1_266' title='bbox 1057 2232 1158 2281; x_wconf 84' lang='lat' dir='ltr'>iam</span> <span class='ocrx_word' id='word_1_267' title='bbox 1202 2232 1254 2280; x_wconf 93' lang='lat' dir='ltr'>in</span> <span class='ocrx_word' id='word_1_268' title='bbox 1290 2229 1603 2297; x_wconf 72' lang='lat' dir='ltr'>praefatione</span> <span class='ocrx_word' id='word_1_269' title='bbox 1638 2232 1793 2284; x_wconf 79' lang='lat' dir='ltr'>Stichi</span> <span class='ocrx_word' id='word_1_270' title='bbox 1832 2249 1882 2300; x_wconf 92' lang='lat' dir='ltr'>p.</span> <span class='ocrx_word' id='word_1_271' title='bbox 1905 2249 1995 2286; x_wconf 86' lang='lat' dir='ltr'>xtx</span> <span class='ocrx_word' id='word_1_272' title='bbox 2035 2244 2131 2285; x_wconf 87' lang='lat' dir='ltr'>ret·</span> 
     </span>
     <span class='ocr_line' id='line_1_28' title="bbox 221 2297 2129 2365; baseline 0.002 -15"><span class='ocrx_word' id='word_1_273' title='bbox 221 2300 399 2350; x_wconf 86' lang='lat' dir='ltr'>tulisti.</span> <span class='ocrx_word' id='word_1_274' title='bbox 437 2327 509 2336; x_wconf 92' lang='lat'>—</span> <span class='ocrx_word' id='word_1_275' title='bbox 551 2299 613 2348; x_wconf 88' lang='lat' dir='ltr'>V.</span> <span class='ocrx_word' id='word_1_276' title='bbox 637 2297 771 2351; x_wconf 78' lang='grc'><strong>1203</strong></span> <span class='ocrx_word' id='word_1_277' title='bbox 800 2299 935 2349; x_wconf 84' lang='lat' dir='ltr'>idem</span> <span class='ocrx_word' id='word_1_278' title='bbox 965 2300 1272 2365; x_wconf 76' lang='lat' dir='ltr'>transposuit</span> <span class='ocrx_word' id='word_1_279' title='bbox 1294 2300 1423 2363; x_wconf 75' lang='lat' dir='ltr'>feeit</span> <span class='ocrx_word' id='word_1_280' title='bbox 1445 2301 1624 2361; x_wconf 83' lang='lat' dir='ltr'>uerba,</span> <span class='ocrx_word' id='word_1_281' title='bbox 1664 2305 1894 2353; x_wconf 81' lang='lat' dir='ltr'>uelenta:</span> <span class='ocrx_word' id='word_1_282' title='bbox 1929 2319 1976 2353; x_wconf 85' lang='lat' dir='ltr'>v.</span> <span class='ocrx_word' id='word_1_283' title='bbox 1999 2301 2129 2355; x_wconf 91' lang='grc'><strong>1221</strong></span> 
     </span>
    </p>
   </div>
   <div class='ocr_carea' id='block_1_7' title="bbox 220 2365 2128 2449">
    <p class='ocr_par' dir='ltr' id='par_1_7' title="bbox 220 2365 2128 2449">
     <span class='ocr_line' id='line_1_29' title="bbox 220 2365 2128 2449; baseline 0.004 -26"><span class='ocrx_word' id='word_1_284' title='bbox 220 2377 298 2424; x_wconf 78' lang='lat' dir='ltr'>sio</span> <span class='ocrx_word' id='word_1_285' title='bbox 335 2377 593 2425; x_wconf 79' lang='lat' dir='ltr'>constituit</span> <span class='ocrx_word' id='word_1_286' title='bbox 638 2366 886 2428; x_wconf 80' lang='lat' dir='ltr'>Placide</span> <span class='ocrx_word' id='word_1_287' title='bbox 928 2370 1091 2448; x_wconf 81' lang='lat' dir='ltr'>ipsa,</span> <span class='ocrx_word' id='word_1_288' title='bbox 1143 2366 1286 2428; x_wconf 88' lang='lat' dir='ltr'>dum</span> <span class='ocrx_word' id='word_1_289' title='bbox 1327 2365 1650 2429; x_wconf 79' lang='lat' dir='ltr'>lubittimst</span> <span class='ocrx_word' id='word_1_290' title='bbox 1690 2371 1871 2449; x_wconf 87' lang='lat' dir='ltr'>mihi,</span> <span class='ocrx_word' id='word_1_291' title='bbox 1911 2373 2128 2448; x_wconf 79' lang='lat' dir='ltr'>otiose,</span> 
     </span>
    </p>
   </div>
   <div class='ocr_carea' id='block_1_8' title="bbox 220 2451 2131 2599">
    <p class='ocr_par' dir='ltr' id='par_1_8' title="bbox 220 2451 2131 2599">
     <span class='ocr_line' id='line_1_30' title="bbox 220 2451 2131 2525; baseline 0.001 -15"><span class='ocrx_word' id='word_1_292' title='bbox 220 2469 361 2510; x_wconf 80' lang='lat' dir='ltr'>meo</span> <span class='ocrx_word' id='word_1_293' title='bbox 419 2451 718 2511; x_wconf 56' lang='lat' dir='ltr'>arbitratu</span> <span class='ocrx_word' id='word_1_294' title='bbox 760 2458 898 2522; x_wconf 87' lang='lat' dir='ltr'>quod</span> <span class='ocrx_word' id='word_1_295' title='bbox 941 2457 1123 2508; x_wconf 81' lang='lat' dir='ltr'>vellem</span> <span class='ocrx_word' id='word_1_296' title='bbox 1174 2461 1283 2524; x_wconf 88' lang='lat' dir='ltr'>ipse</span> <span class='ocrx_word' id='word_1_297' title='bbox 1336 2460 1665 2525; x_wconf 80' lang='lat' dir='ltr'>recepissem,</span> <span class='ocrx_word' id='word_1_298' title='bbox 1719 2477 1832 2512; x_wconf 87' lang='lat' dir='ltr'>curn</span> <span class='ocrx_word' id='word_1_299' title='bbox 1881 2464 2035 2514; x_wconf 81' lang='lat' dir='ltr'>verba</span> <span class='ocrx_word' id='word_1_300' title='bbox 2080 2472 2131 2512; x_wconf 79' lang='lat' dir='ltr'>ut</span> 
     </span>
     <span class='ocr_line' id='line_1_31' title="bbox 221 2534 2130 2599; baseline 0.003 -15"><span class='ocrx_word' id='word_1_301' title='bbox 221 2535 359 2584; x_wconf 78' lang='lat' dir='ltr'>uolui</span> <span class='ocrx_word' id='word_1_302' title='bbox 391 2536 455 2584; x_wconf 90' lang='lat' dir='ltr'>ab</span> <span class='ocrx_word' id='word_1_303' title='bbox 491 2535 760 2599; x_wconf 83' lang='lat' dir='ltr'>interprete</span> <span class='ocrx_word' id='word_1_304' title='bbox 794 2534 1012 2598; x_wconf 85' lang='lat' dir='ltr'>ascripta</span> <span class='ocrx_word' id='word_1_305' title='bbox 1051 2548 1165 2584; x_wconf 87' lang='lat' dir='ltr'>esse</span> <span class='ocrx_word' id='word_1_306' title='bbox 1204 2534 1308 2584; x_wconf 89' lang='lat' dir='ltr'>veri</span> <span class='ocrx_word' id='word_1_307' title='bbox 1344 2534 1411 2583; x_wconf 88' lang='lat' dir='ltr'>sit</span> <span class='ocrx_word' id='word_1_308' title='bbox 1445 2535 1774 2587; x_wconf 82' lang='lat' dir='ltr'>simillimum.</span> <span class='ocrx_word' id='word_1_309' title='bbox 1803 2566 1871 2576; x_wconf 90' lang='grc'>--</span> <span class='ocrx_word' id='word_1_310' title='bbox 1909 2540 1971 2588; x_wconf 87' lang='lat' dir='ltr'>V.</span> <span class='ocrx_word' id='word_1_311' title='bbox 2001 2538 2130 2591; x_wconf 89' lang='grc'><strong>1222</strong></span> 
     </span>
    </p>
   </div>
   <div class='ocr_carea' id='block_1_9' title="bbox 222 2610 2129 2698">
    <p class='ocr_par' dir='ltr' id='par_1_9' title="bbox 222 2610 2129 2698">
     <span class='ocr_line' id='line_1_32' title="bbox 222 2610 2129 2698; baseline 0.006 -26"><span class='ocrx_word' id='word_1_312' title='bbox 222 2638 357 2674; x_wconf 84' lang='lat' dir='ltr'>nuno</span> <span class='ocrx_word' id='word_1_313' title='bbox 399 2623 627 2674; x_wconf 84' lang='lat' dir='ltr'>intellexi</span> <span class='ocrx_word' id='word_1_314' title='bbox 668 2623 988 2674; x_wconf 85' lang='lat' dir='ltr'>scribendum</span> <span class='ocrx_word' id='word_1_315' title='bbox 1026 2640 1140 2676; x_wconf 89' lang='lat' dir='ltr'>esse</span> <span class='ocrx_word' id='word_1_316' title='bbox 1194 2619 1336 2698; x_wconf 68' lang='lat' dir='ltr'>quin</span> <span class='ocrx_word' id='word_1_317' title='bbox 1394 2624 1457 2679; x_wconf 77' lang='lat' dir='ltr'>te</span> <span class='ocrx_word' id='word_1_318' title='bbox 1516 2619 1668 2680; x_wconf 55' lang='lat' dir='ltr'>Adiit</span> <span class='ocrx_word' id='word_1_319' title='bbox 1722 2638 1770 2680; x_wconf 89' lang='lat' dir='ltr'>et</span> <span class='ocrx_word' id='word_1_320' title='bbox 1803 2647 1849 2681; x_wconf 86' lang='lat' dir='ltr'>v.</span> <span class='ocrx_word' id='word_1_321' title='bbox 1875 2629 2007 2682; x_wconf 83' lang='grc'>1356</span> <span class='ocrx_word' id='word_1_322' title='bbox 2048 2610 2129 2683; x_wconf 74' lang='lat' dir='ltr'>F&#39;Jt</span> 
     </span>
    </p>
   </div>
   <div class='ocr_carea' id='block_1_10' title="bbox 218 2699 2127 2777">
    <p class='ocr_par' dir='ltr' id='par_1_10' title="bbox 218 2699 2127 2777">
     <span class='ocr_line' id='line_1_33' title="bbox 218 2699 2127 2777; baseline 0.003 -19"><span class='ocrx_word' id='word_1_323' title='bbox 218 2700 275 2758; x_wconf 71' lang='lat' dir='ltr'>si</span> <span class='ocrx_word' id='word_1_324' title='bbox 318 2699 406 2758; x_wconf 81' lang='lat' dir='ltr'>ita</span> <span class='ocrx_word' id='word_1_325' title='bbox 446 2701 757 2760; x_wconf 53' lang='lat' dir='ltr'>sententia</span> <span class='ocrx_word' id='word_1_326' title='bbox 798 2706 998 2777; x_wconf 76' lang='lat' dir='ltr'>esset,</span> <span class='ocrx_word' id='word_1_327' title='bbox 1042 2709 1130 2770; x_wconf 90' lang='lat' dir='ltr'>qui</span> <span class='ocrx_word' id='word_1_328' title='bbox 1162 2707 1334 2757; x_wconf 81' lang='lat' dir='ltr'>hiatus</span> <span class='ocrx_word' id='word_1_329' title='bbox 1372 2709 1539 2758; x_wconf 88' lang='lat' dir='ltr'>eidem</span> <span class='ocrx_word' id='word_1_330' title='bbox 1575 2718 1691 2760; x_wconf 88' lang='lat' dir='ltr'>sunt</span> <span class='ocrx_word' id='word_1_331' title='bbox 1708 2720 1859 2775; x_wconf 88' lang='lat' dir='ltr'>atque</span> <span class='ocrx_word' id='word_1_332' title='bbox 1877 2713 1960 2762; x_wconf 85' lang='lat' dir='ltr'>ille</span> <span class='ocrx_word' id='word_1_333' title='bbox 1978 2730 2127 2776; x_wconf 89' lang='lat' dir='ltr'>quem</span> 
     </span>
    </p>
   </div>
   <div class='ocr_carea' id='block_1_11' title="bbox 220 2779 2128 2983">
    <p class='ocr_par' dir='ltr' id='par_1_11' title="bbox 220 2779 2128 2983">
     <span class='ocr_line' id='line_1_34' title="bbox 221 2779 2128 2902; baseline 0.004 -72"><span class='ocrx_word' id='word_1_334' title='bbox 221 2796 378 2847; x_wconf 85' lang='lat' dir='ltr'>supra</span> <span class='ocrx_word' id='word_1_335' title='bbox 414 2782 480 2833; x_wconf 86' lang='lat' dir='ltr'>ad</span> <span class='ocrx_word' id='word_1_336' title='bbox 515 2779 823 2902; x_wconf 56' lang='lat' dir='ltr'>Amggbnfi</span> <span class='ocrx_word' id='word_1_337' title='bbox 861 2797 939 2831; x_wconf 88' lang='lat' dir='ltr'>me</span> <span class='ocrx_word' id='word_1_338' title='bbox 975 2784 1095 2833; x_wconf 89' lang='lat' dir='ltr'>alibi</span> <span class='ocrx_word' id='word_1_339' title='bbox 1127 2783 1453 2833; x_wconf 81' lang='lat' dir='ltr'>defensurum</span> <span class='ocrx_word' id='word_1_340' title='bbox 1484 2800 1599 2835; x_wconf 87' lang='lat' dir='ltr'>esse</span> <span class='ocrx_word' id='word_1_341' title='bbox 1624 2787 1888 2851; x_wconf 75' lang='lat' dir='ltr'>professus</span> <span class='ocrx_word' id='word_1_342' title='bbox 1907 2803 2037 2838; x_wconf 89' lang='lat' dir='ltr'>sum.</span> <span class='ocrx_word' id='word_1_343' title='bbox 2060 2818 2128 2829; x_wconf 88' lang='lat'><strong>—</strong></span> 
     </span>
     <span class='ocr_line' id='line_1_35' title="bbox 221 2850 2123 2925; baseline 0.005 -26"><span class='ocrx_word' id='word_1_344' title='bbox 221 2850 451 2913; x_wconf 85' lang='lat' dir='ltr'>Denique</span> <span class='ocrx_word' id='word_1_345' title='bbox 504 2851 610 2901; x_wconf 83' lang='lat' dir='ltr'>v.l</span> <span class='ocrx_word' id='word_1_346' title='bbox 778 2852 1084 2901; x_wconf 82' lang='lat' dir='ltr'>concinnitas</span> <span class='ocrx_word' id='word_1_347' title='bbox 1129 2867 1450 2902; x_wconf 87' lang='lat' dir='ltr'>numerorum</span> <span class='ocrx_word' id='word_1_348' title='bbox 1496 2870 1647 2917; x_wconf 86' lang='lat' dir='ltr'>quam</span> <span class='ocrx_word' id='word_1_349' title='bbox 1701 2868 1772 2903; x_wconf 75' lang='lat' dir='ltr'>&#39;rv</span> <span class='ocrx_word' id='word_1_350' title='bbox 1825 2857 1875 2905; x_wconf 91' lang='lat' dir='ltr'>in</span> <span class='ocrx_word' id='word_1_351' title='bbox 1928 2857 2123 2925; x_wconf 61' lang='lat' dir='ltr'>proleg.</span> 
     </span>
     <span class='ocr_line' id='line_1_36' title="bbox 220 2917 2126 2983; baseline 0.007 -17"><span class='ocrx_word' id='word_1_352' title='bbox 220 2917 355 2967; x_wconf 85' lang='lat' dir='ltr'>Trin.</span> <span class='ocrx_word' id='word_1_353' title='bbox 392 2934 443 2983; x_wconf 91' lang='lat' dir='ltr'>p.</span> <span class='ocrx_word' id='word_1_354' title='bbox 467 2932 571 2968; x_wconf 79' lang='lat' dir='ltr'>ccx</span> <span class='ocrx_word' id='word_1_355' title='bbox 607 2927 656 2969; x_wconf 90' lang='lat' dir='ltr'>et</span> <span class='ocrx_word' id='word_1_356' title='bbox 703 2932 972 2970; x_wconf 82' lang='lat' dir='ltr'>cccxxvm</span> <span class='ocrx_word' id='word_1_357' title='bbox 1012 2919 1140 2969; x_wconf 81' lang='lat' dir='ltr'>duce</span> <span class='ocrx_word' id='word_1_358' title='bbox 1176 2919 1450 2972; x_wconf 72' lang='lat' dir='ltr'>anrnssto</span> <span class='ocrx_word' id='word_1_359' title='bbox 1490 2924 1908 2974; x_wconf 86' lang='lat' dir='ltr'>commendavisti</span> <span class='ocrx_word' id='word_1_360' title='bbox 1947 2929 2126 2978; x_wconf 87' lang='lat' dir='ltr'>suadet</span> 
     </span>
    </p>
   </div>
   <div class='ocr_carea' id='block_1_12' title="bbox 221 2991 1388 3059">
    <p class='ocr_par' dir='ltr' id='par_1_12' title="bbox 221 2991 1388 3059">
     <span class='ocr_line' id='line_1_37' title="bbox 221 2991 1388 3059; baseline 0.006 -16"><span class='ocrx_word' id='word_1_361' title='bbox 221 3005 278 3043; x_wconf 81' lang='lat' dir='ltr'>ut</span> <span class='ocrx_word' id='word_1_362' title='bbox 314 3001 668 3059; x_wconf 80' lang='lat' dir='ltr'>transponatur</span> <span class='ocrx_word' id='word_1_363' title='bbox 709 3005 898 3048; x_wconf 79' lang='lat' dir='ltr'>senex</span> <span class='ocrx_word' id='word_1_364' title='bbox 939 2992 1061 3047; x_wconf 84' lang='lat' dir='ltr'>stat</span> <span class='ocrx_word' id='word_1_365' title='bbox 1104 2991 1166 3047; x_wconf 84' lang='lat' dir='ltr'>t&#39;n</span> <span class='ocrx_word' id='word_1_366' title='bbox 1209 2996 1388 3050; x_wconf 88' lang='lat' dir='ltr'>statu.</span> 
     </span>
    </p>
   </div>
   <div class='ocr_carea' id='block_1_13' title="bbox 221 3113 2124 3530">
    <p class='ocr_par' dir='ltr' id='par_1_13' title="bbox 221 3113 2124 3530">
     <span class='ocr_line' id='line_1_38' title="bbox 361 3113 2122 3185; baseline 0.006 -24"><span class='ocrx_word' id='word_1_367' title='bbox 361 3114 722 3163; x_wconf 83' lang='lat' dir='ltr'>Rudentis</span> <span class='ocrx_word' id='word_1_368' title='bbox 776 3130 922 3165; x_wconf 85' lang='lat' dir='ltr'>versu</span> <span class='ocrx_word' id='word_1_369' title='bbox 973 3113 1070 3167; x_wconf 76' lang='lat'>194</span> <span class='ocrx_word' id='word_1_370' title='bbox 1114 3118 1252 3179; x_wconf 88' lang='lat' dir='ltr'>quod</span> <span class='ocrx_word' id='word_1_371' title='bbox 1301 3119 1450 3183; x_wconf 87' lang='lat' dir='ltr'>posui</span> <span class='ocrx_word' id='word_1_372' title='bbox 1500 3118 1690 3183; x_wconf 66' lang='lat' dir='ltr'>insigne</span> <span class='ocrx_word' id='word_1_373' title='bbox 1745 3135 1833 3185; x_wconf 87' lang='lat' dir='ltr'>pro</span> <span class='ocrx_word' id='word_1_374' title='bbox 1885 3122 2122 3172; x_wconf 83' lang='lat' dir='ltr'>librorum</span> 
     </span>
     <span class='ocr_line' id='line_1_39' title="bbox 222 3182 2124 3249; baseline 0.004 -17"><span class='ocrx_word' id='word_1_375' title='bbox 222 3193 442 3233; x_wconf 86' lang='lat' dir='ltr'>monstro</span> <span class='ocrx_word' id='word_1_376' title='bbox 476 3182 576 3233; x_wconf 76' lang='lat' dir='ltr'>eibi</span> <span class='ocrx_word' id='word_1_377' title='bbox 609 3184 712 3248; x_wconf 66' lang='lat' dir='ltr'>sym*</span> <span class='ocrx_word' id='word_1_378' title='bbox 747 3183 904 3234; x_wconf 82' lang='lat' dir='ltr'>debeo</span> <span class='ocrx_word' id='word_1_379' title='bbox 942 3183 1151 3234; x_wconf 65' lang='lat' dir='ltr'>Omont</span> <span class='ocrx_word' id='word_1_380' title='bbox 1187 3202 1327 3245; x_wconf 89' lang='lat' dir='ltr'>meo,</span> <span class='ocrx_word' id='word_1_381' title='bbox 1375 3201 1528 3249; x_wconf 87' lang='lat' dir='ltr'>quam</span> <span class='ocrx_word' id='word_1_382' title='bbox 1565 3189 1901 3238; x_wconf 85' lang='lat' dir='ltr'>coniecturam</span> <span class='ocrx_word' id='word_1_383' title='bbox 1938 3192 2124 3241; x_wconf 83' lang='lat' dir='ltr'>reicere</span> 
     </span>
     <span class='ocr_line' id='line_1_40' title="bbox 221 3251 2123 3323; baseline 0.005 -22"><span class='ocrx_word' id='word_1_384' title='bbox 221 3253 402 3316; x_wconf 82' lang='lat' dir='ltr'>poterit</span> <span class='ocrx_word' id='word_1_385' title='bbox 429 3251 518 3316; x_wconf 85' lang='lat' dir='ltr'>qui</span> <span class='ocrx_word' id='word_1_386' title='bbox 545 3253 802 3302; x_wconf 85' lang='lat' dir='ltr'>meliorem</span> <span class='ocrx_word' id='word_1_387' title='bbox 827 3253 1165 3312; x_wconf 85' lang='lat' dir='ltr'>substituerit,</span> <span class='ocrx_word' id='word_1_388' title='bbox 1201 3255 1264 3303; x_wconf 88' lang='lat' dir='ltr'>ab</span> <span class='ocrx_word' id='word_1_389' title='bbox 1285 3255 1567 3318; x_wconf 84' lang='lat' dir='ltr'>eodemque</span> <span class='ocrx_word' id='word_1_390' title='bbox 1585 3258 1782 3323; x_wconf 86' lang='lat' dir='ltr'>sumpsi</span> <span class='ocrx_word' id='word_1_391' title='bbox 1799 3257 1936 3321; x_wconf 87' lang='lat' dir='ltr'>qnod</span> <span class='ocrx_word' id='word_1_392' title='bbox 1954 3275 2003 3308; x_wconf 86' lang='lat' dir='ltr'>v.</span> <span class='ocrx_word' id='word_1_393' title='bbox 2020 3258 2123 3311; x_wconf 78' lang='lat'>456</span> 
     </span>
     <span class='ocr_line' id='line_1_41' title="bbox 222 3318 2122 3389; baseline 0.005 -21"><span class='ocrx_word' id='word_1_394' title='bbox 222 3319 338 3369; x_wconf 87' lang='lat' dir='ltr'>dedi</span> <span class='ocrx_word' id='word_1_395' title='bbox 373 3322 535 3371; x_wconf 77' lang='lat' dir='ltr'>scelus</span> <span class='ocrx_word' id='word_1_396' title='bbox 568 3318 664 3369; x_wconf 75' lang='lat' dir='ltr'>leuc</span> <span class='ocrx_word' id='word_1_397' title='bbox 697 3336 788 3385; x_wconf 85' lang='lat' dir='ltr'>pro</span> <span class='ocrx_word' id='word_1_398' title='bbox 826 3320 1064 3372; x_wconf 84' lang='lat' dir='ltr'>librorum</span> <span class='ocrx_word' id='word_1_399' title='bbox 1097 3320 1191 3371; x_wconf 76' lang='lat' dir='ltr'>huc</span> <span class='ocrx_word' id='word_1_400' title='bbox 1224 3323 1489 3383; x_wconf 74' lang='lat' dir='ltr'>scelestus,</span> <span class='ocrx_word' id='word_1_401' title='bbox 1528 3326 1608 3374; x_wconf 85' lang='lat' dir='ltr'>cui</span> <span class='ocrx_word' id='word_1_402' title='bbox 1646 3325 1930 3389; x_wconf 81' lang='lat' dir='ltr'>praeclarae</span> <span class='ocrx_word' id='word_1_403' title='bbox 1954 3342 2122 3377; x_wconf 85' lang='lat' dir='ltr'>emen-</span> 
     </span>
     <span class='ocr_line' id='line_1_42' title="bbox 224 3386 2122 3458; baseline 0.004 -22"><span class='ocrx_word' id='word_1_404' title='bbox 224 3387 411 3437; x_wconf 84' lang='lat' dir='ltr'>dationi</span> <span class='ocrx_word' id='word_1_405' title='bbox 460 3386 607 3437; x_wconf 72' lang='lat' dir='ltr'>facile</span> <span class='ocrx_word' id='word_1_406' title='bbox 653 3388 784 3438; x_wconf 88' lang='lat' dir='ltr'>hanc</span> <span class='ocrx_word' id='word_1_407' title='bbox 828 3391 1003 3441; x_wconf 69' lang='lat' dir='ltr'>cedere</span> <span class='ocrx_word' id='word_1_408' title='bbox 1048 3390 1173 3439; x_wconf 85' lang='lat' dir='ltr'>iussi</span> <span class='ocrx_word' id='word_1_409' title='bbox 1207 3405 1359 3452; x_wconf 86' lang='lat' dir='ltr'>quam</span> <span class='ocrx_word' id='word_1_410' title='bbox 1397 3393 1511 3458; x_wconf 86' lang='lat' dir='ltr'>ipse</span> <span class='ocrx_word' id='word_1_411' title='bbox 1544 3394 1697 3457; x_wconf 83' lang='lat' dir='ltr'>paulo</span> <span class='ocrx_word' id='word_1_412' title='bbox 1733 3396 1999 3443; x_wconf 86' lang='lat' dir='ltr'>audentius</span> <span class='ocrx_word' id='word_1_413' title='bbox 2034 3411 2122 3444; x_wconf 87' lang='lat' dir='ltr'>ex-</span> 
     </span>
     <span class='ocr_line' id='line_1_43' title="bbox 222 3454 2123 3530; baseline 0.004 -28"><span class='ocrx_word' id='word_1_414' title='bbox 222 3454 561 3520; x_wconf 68' lang='lat' dir='ltr'>cogitaveram</span> <span class='ocrx_word' id='word_1_415' title='bbox 579 3463 633 3507; x_wconf 78' lang='lat' dir='ltr'>ut</span> <span class='ocrx_word' id='word_1_416' title='bbox 648 3457 986 3523; x_wconf 62' lang='lat' dir='ltr'>confugiamus</span> <span class='ocrx_word' id='word_1_417' title='bbox 1001 3463 1263 3523; x_wconf 78' lang='lat' dir='ltr'>a&#39;ntequam</span> <span class='ocrx_word' id='word_1_418' title='bbox 1296 3454 1327 3530; x_wconf 78' lang='grc' dir='ltr'>Η</span> <span class='ocrx_word' id='word_1_419' title='bbox 1354 3458 1605 3512; x_wconf 65' lang='lat' dir='ltr'>Saelenus</span> <span class='ocrx_word' id='word_1_420' title='bbox 1622 3463 1730 3512; x_wconf 83' lang='lat' dir='ltr'>leno</span> <span class='ocrx_word' id='word_1_421' title='bbox 1745 3462 1840 3510; x_wconf 75' lang='lat' dir='ltr'>huo</span> <span class='ocrx_word' id='word_1_422' title='bbox 1854 3464 2123 3519; x_wconf 43' lang='lat' dir='ltr'>ueniat-2</span> 
     </span>
    </p>
   </div>
  </div>
 </body>
</html>
