2584 3834
826 222 917 276 AD
952 223 1113 274 Fun).
1150 222 1598 275 Rrrscfflmvm.
2031 225 2174 276 XXV

338 372 627 455 [Hercle]
673 383 741 437 nt
770 395 852 438 ne
886 381 1187 457 quoquam
1219 375 1301 437 de
1330 378 1580 456 ingenio
1611 375 2013 457 degrediatur
2040 380 2170 440 mii·

334 524 688 623 florumque
751 551 948 605 ortem
1007 550 1073 605 et
1140 458 1531 624 dl‘igaissimm
1597 548 1876 624 optinent
1939 543 2167 606 colere.

1163 628 1287 690 PE.
1351 628 1547 704 Quem
1591 628 1670 689 aid
1711 627 2001 689 modum?

255 725 407 759 uuum
457 720 534 760 est
571 711 709 772 quod
749 711 797 761 in
835 711 916 761 his
952 713 1183 763 versibus
1220 713 1328 761 iure
1366 711 1619 763 offendere
1654 714 1849 778 possit,
1906 713 2018 762 dico
2056 727 2166 762 eam

254 780 487 843 syntaxin
523 794 589 828 ex
625 794 726 842 qun
770 794 940 830 earum
976 782 1163 831 dictum
1199 789 1277 830 est
1315 781 1460 843 quasi
1498 795 1596 830 non
1633 780 1859 832 nudiebrt‘
1879 782 1972 831 sed
2002 782 2168 830 mulie-

255 863 357 896 rum
406 847 765 912 praecesserit,
819 849 957 913 quod
1007 849 1169 913 siquis
1218 863 1455 899 revocare
1490 850 1657 909 volet,
1709 859 1768 900 ut
1808 851 2165 901 ansomvs

255 916 399 973 feeit,
460 930 562 966 non
609 917 860 967 obstinate
907 918 1244 977 adversabor,
1301 931 1610 982 quamquam
1655 923 1996 970 necessarium
2053 933 2165 968 esse

254 984 373 1034 mihi
408 984 636 1034 nondum
674 987 976 1048 persuadeo.
1023 1014 1093 1024 —-
1141 987 1208 1038 V.
1230 985 1333 1036 255
1371 1001 1448 1049 sq.
1489 1000 1561 1035 ’Π
1599 1002 1730 1037 nuuc
1765 989 1836 1039 ita
1872 988 2022 1039 scribi
2060 1003 2165 1037 mo.-

257 1054 327 1102 vis
361 1079 432 1089 —-
468 1058 603 1103 intro
640 1053 729 1103 abt·
761 1069 911 1119 erpo:
948 1057 998 1104 ἐι
1031 1057 1125 1106 εἰεί
1155 1056 1240 1106 isti
1252 1091 1266 1115 ‚
1304 1057 1551 1105 nnilierem
1606 1053 1631 1122 ΙΙ
1691 1055 1816 1107 Iube
1848 1059 1944 1107 cito
1980 1057 2164 1107 donnini

254 1123 472 1172 transire
518 1137 583 1171 ae
626 1121 748 1172 bene
796 1125 845 1173 ei
884 1122 1010 1173 haec
1057 1131 1277 1175 monstra
1314 1131 1365 1173 et
1394 1125 1638 1187 praecipe
1672 1132 1723 1175 et
1757 1127 1803 1175 si
1839 1134 1973 1176 recte
2010 1126 2164 1174 verba

253 1204 354 1239 'ru
390 1189 615 1240 intellexi
655 1204 716 1239 ea
749 1193 1070 1255 potissimum
1107 1193 1171 1242 de
1207 1205 1363 1242 causa
1400 1200 1454 1241 ut
1483 1193 1808 1244 evitetur-cieo
1829 1192 2036 1244 voculae
2055 1209 2164 1243 cor-

252 1262 424 1323 reptio.
486 1266 549 1311 at:
583 1259 637 1308 in
681 1258 780 1309 hac
815 1275 867 1310 re
902 1261 1052 1310 nimis
1089 1260 1213 1311 mihi
1251 1260 1413 1310 fuisse
1446 1260 1636 1310 videris
1672 1276 1909 1322 severuS,
1960 1263 2022 1311 dc
2061 1277 2161 1324 quo

252 1328 366 1378 alibi
414 1329 487 1376 ita
526 1327 800 1392 disputabo
838 1338 891 1378 ut
924 1337 1087 1379 totum
1123 1330 1219 1379 hoc
1253 1343 1417 1395 genus
1454 1329 1782 1394 complectar,
1831 1346 1926 1381 nec
1958 1340 2164 1396 propter

249 1397 394 1445 istam
447 1397 819 1462 eorreptionem
873 1397 936 1447 ab
991 1413 1053 1448 en
1105 1400 1298 1449 ratione
1348 1413 1448 1461 qun
1499 1397 1554 1447 hi
1591 1411 1767 1448 versus
1804 1399 1855 1447 in
1893 1399 2036 1448 libris
2073 1400 2161 1448 de-

249 1466 420 1529 scripti
457 1472 576 1514 sunt
609 1465 846 1516 recedere
880 1469 1060 1516 ausim.
1104 1474 1180 1516 est
1216 1476 1385 1516 antem
1422 1466 1522 1516 alia
1559 1480 1712 1516 causa
1747 1481 1835 1516 cur
1860 1466 1956 1516 hos
1985 1482 2160 1516 versus

247 1532 327 1582 hic
360 1533 709 1584 retractandos
746 1534 998 1584 duxerim:
1038 1550 1136 1585 non
1176 1538 1311 1585 enirn
1348 1536 1445 1584 iam
1481 1536 1641 1600 probo
1680 1550 1792 1584 eam
1828 1544 2161 1585 correcturum

248 1618 395 1664 quarn
447 1610 615 1652 motus
652 1603 867 1667 gemello
904 1614 959 1654 ut
995 1603 1121 1654 mihi
1156 1605 1423 1655 videbatur
1455 1620 1608 1654 versu
1645 1604 1788 1670 Capt.
1813 1601 1917 1656 359
1954 1620 2159 1669 recepe-

248 1685 354 1720 ram
392 1671 505 1721 dice
548 1679 768 1721 monstra
806 1673 943 1734 quod
981 1687 1079 1723 non
1116 1672 1282 1722 solum
1315 1672 1404 1722 illo
1440 1688 1591 1723 versu
1627 1679 1682 1722 ut
1721 1675 1820 1723 iam
1859 1687 2013 1739 supra
2050 1674 2156 1723 dixi

250 1739 340 1788 sed
386 1739 539 1790 etiarn
586 1739 687 1790 hoc
726 1740 1036 1791 reiciendum
1082 1749 1176 1791 est.
1227 1755 1406 1790 verum
1451 1757 1514 1790 ne
1563 1754 1701 1791 ‘rvAs
1739 1743 1943 1804 quidem
1978 1742 2158 1792 horum

248 1809 517 1861 verborum
553 1807 929 1858 emendationes
961 1810 1179 1876 probare
1202 1823 1443 1874 possum,
1479 1824 1572 1858 nec
1600 1811 1818 1875 priorem
1839 1819 1989 1876 acque
2004 1810 2159 1861 haece

248 1875 366 1926 bene
404 1879 455 1927 ei
483 1884 705 1928 monstra
739 1884 789 1927 et
818 1879 1057 1942 praecipe
1093 1894 1186 1929 nec
1221 1892 1463 1943 nuperum
1491 1893 1642 1940 quam
1672 1892 1829 1943 supra
1844 1880 2156 1944 transcripsi,

249 1953 296 1994 et
326 1945 426 1996 hac
461 1945 666 2008 quidem
708 1946 770 1995 de
810 1961 962 1997 causa
998 1948 1118 2010 quia
1149 1947 1271 1997 hene
1297 1954 1576 1997 monstrare
1606 1947 1657 1996 in
1677 1946 1905 1997 Plautino
1927 1962 2157 1997 sermone

247 2012 394 2080 longe
446 2013 598 2064 aliam
644 2015 750 2065 vim
799 2013 949 2065 habet
987 2024 1136 2079 atque
1174 2031 1304 2077 quae
1339 2015 1422 2064 hio
1459 2015 1800 2074 desideratur,
1852 2015 1969 2065 vide
2007 2016 2156 2067 modo

248 2080 424 2131 Bacch.
451 2079 553 2133 133
601 2081 789 2133 Guro.l
824 2081 858 2134 3
894 2080 962 2135 43
1007 2091 1055 2134 et
1102 2091 1238 2134 reete
1284 2091 1566 2134 monstrare
1615 2082 1770 2133 Stich.
1794 2081 1896 2135 146
1931 2084 2158 2134 l’seud.1

249 2140 282 2199 3
314 2150 379 2200 55
420 2150 564 2201 Cure.
592 2151 640 2199 11
673 2148 710 2201 3
743 2149 830 2204 20.
882 2152 1117 2216 equidem
1170 2151 1255 2202 hic
1296 2152 1432 2202 idem
1490 2153 1724 2203 desidero
1762 2154 1971 2203 verbum
2019 2154 2157 2216 quod

251 2218 330 2268 mo
368 2218 690 2284 Captivorum
725 2233 876 2270 versu
913 2235 977 2270 ex
1013 2221 1150 2270 libris
1187 2221 1385 2270 restitui
1419 2222 1543 2270 iussi
1580 2221 1922 2271 demonstrare
1959 2230 2007 2271 et
2043 2237 2153 2270 cum

260 2287 610 2345 §.mbrosianus
654 2287 839 2338 habeat
878 2301 1483 2349 nmonmnmxous‘ru,
1528 2288 1702 2339 relicui
1738 2290 1851 2340 libri
1893 2290 1998 2340 fere
2031 2290 2157 2339 haec

253 2357 297 2406 si
326 2363 574 2415 monstra,
620 2355 752 2406 hanc
786 2359 1058 2422 genuinam
1109 2357 1260 2407 huius
1294 2372 1474 2408 versus
1511 2358 1726 2408 formam
1764 2358 1926 2409 fuisse
1961 2359 2154 2408 conicio

332 2426 470 2486 Cito
509 2424 754 2485 domum
786 2429 1082 2487 transire:
1126 2432 1311 2505 atque
1333 2426 1488 2486 haec
1512 2428 1573 2487 ei
1593 2427 1756 2487 bene
1777 2424 2152 2504 demonstra,

349 2578 367 2594 ‚
1158 2511 1450 2591 praecipe

326 2595 413 2652 vt
451 2597 668 2652 teneat
705 2590 961 2652 consilia
1001 2600 1275 2654 nostra..
1296 2640 1309 2654 .

250 2685 463 2726 ceterum
495 2673 718 2726 Rssiztvs
755 2674 891 2725 hunc
925 2690 1124 2725 versum
1162 2678 1237 2725 sic
1270 2685 1555 2727 correxerat
1590 2675 1696 2729 otto
1724 2678 1910 2728 domum
1935 2682 2154 2728 nostr-dm

249 2747 490 2805 transire,
545 2750 694 2808 atque
730 2742 856 2794 Ιιαέο
893 2746 942 2794 ei
974 2753 1220 2804 monstm,
1263 2747 1539 2809 praecipe,
1593 2746 1687 2796 sed
1722 2745 1819 2796 hoc
1854 2761 1954 2795 non
1988 2748 2152 2812 magis

249 2815 311 2862 ad
352 2813 637 2862 Plautinum
685 2813 1098 2864 consuetudinem
1143 2828 1293 2877 quam
1347 2815 1482 2878 quod
1534 2827 1607 2862 ‘rv
1653 2831 1701 2863 v.
1737 2810 1843 2864 484
1880 2815 2153 2879 scripseras

249 2891 445 2933 nostrae
483 2882 634 2942 domi,
673 2896 822 2944 quem
858 2896 1058 2931 versum
1095 2896 1167 2931 ’Ν
1203 2898 1338 2933 nunc
1371 2885 1482 2948 ipse
1519 2883 1662 2932 aliter
1696 2882 2034 2947 perpolivisti.
2080 2886 2153 2933 ei-

250 2952 358 3001 dem
395 2950 584 3000 Rnizto
624 2951 833 3000 debetur
868 2950 1005 3013 quod
1043 2967 1092 3000 v.
1114 2947 1218 3002 279
1256 2953 1448 3001 intexui
1484 2950 1562 3000 hic
1598 2951 1735 3013 quod
1771 2966 1883 3000 cum
1918 2953 2039 3002 etin
2064 2968 2153 3003 an-

247 3019 491 3070 tecedenti
541 3027 590 3067 et
640 3020 691 3067 in
740 3020 969 3081 sequenti
1004 3035 1154 3069 versu
1188 3022 1242 3069 in
1279 3021 1420 3070 libris
1457 3020 1656 3069 abunde
1695 3019 1922 3070 additum
1958 3021 2023 3072 sit
2054 3021 2154 3071 huc

247 3089 546 3152 pertinuisse
583 3086 806 3136 videtur:
857 3086 992 3136 idem
1028 3105 1076 3136 v.
1098 3086 1203 3140 429
1240 3096 1356 3139 ante
1390 3088 1638 3138 Bou-mvn
1676 3088 1933 3140 invenerat
1965 3106 2027 3140 ne
2063 3105 2155 3140 nos·

247 3163 451 3214 nosmet,
498 3172 548 3205 v.
581 3150 687 3205 472
730 3156 816 3220 qui
855 3154 984 3205 hanc
1029 3158 1168 3219 quod
1211 3159 1311 3207 iam
1348 3157 1527 3207 Philol.
1553 3157 1595 3206 II
1630 3171 1681 3223 p.
1703 3154 1774 3210 88
1809 3159 2045 3210 indicavi.
2082 3186 2155 3196 —-

248 3223 481 3288 Sequitur
516 3225 674 3272 series
710 3224 1116 3285 emendationum
1155 3239 1378 3274 ‘manvu
1414 3241 1564 3289 quam
1600 3228 1738 3289 quod
1774 3243 1837 3278 ex
1875 3240 1981 3277 'ru
2008 3243 2153 3291 prae-

248 3303 432 3353 fatione
463 3298 620 3352 Stichi
651 3302 939 3366 transcripsi
964 3317 1065 3352 non
1086 3303 1218 3353 feres
1238 3302 1475 3352 moleste:
1504 3294 1576 3353 ‘v.
1600 3299 1704 3353 263
1726 3314 1865 3356 sese
1890 3295 2152 3356 uidisse:

246 3401 293 3435 v.
319 3379 420 3435 367
463 3377 557 3436 Ac
601 3395 739 3436 cum
780 3374 1014 3438 alieno:
1055 3401 1108 3435 v.
1128 3382 1234 3437 370
1275 3377 1560 3442 uiderim.
1632 3378 1764 3441 PH.
1805 3381 1940 3457 Ego
1982 3382 2153 3440 mora

246 3478 451 3521 moror
492 3457 750 3521 multum
792 3466 883 3532 (ab
919 3466 1180 3533 DAnzto):
1216 3485 1265 3519 v.
1288 3466 1394 3521 406
1432 3461 1745 3542 plenumst
1772 3461 1840 3521 id
1869 3461 2152 3540 quidem:
