2584 3834
888 234 976 285 AD
1010 235 1170 286 FRID.
1210 233 1650 287 Rs'rscflva.
2095 236 2231 288 xvu

314 391 485 445 man
514 387 634 463 Qui
657 404 772 464 ego
798 386 977 445 snm‘.²
1018 387 1137 449 SO.
1158 388 1363 449 Perit:
1406 386 1547 446 ME.
1572 386 1795 446 Parum
1821 388 2033 447 etiam:
2065 412 2111 445 v.
2129 393 2232 447 506

317 473 424 548 qui
457 468 709 548 quidem
740 487 914 529 meus
945 473 1025 531 sit
1051 478 1260 551 pater:
1310 495 1356 529 v.
1377 475 1480 528 950
1503 469 1607 548 qui
1640 471 1702 529 in
1739 487 1874 529 mea
1909 476 2051 531 naui
2079 471 2228 532 fuit:

318 577 364 608 v.
394 558 531 609 1054
573 553 792 632 Neque
820 550 1006 615 ullast
1034 553 1409 615 confidentia
1434 552 1554 612 iam
1580 553 1645 612 in
1678 552 1884 613 cdrde.
1914 586 2000 600 —-
2039 562 2104 611 V.
2126 558 2229 610 269

317 642 663 692 additamento
697 643 776 693 Ιιίε
815 642 964 692 facile
998 658 1170 694 careas
1208 645 1375 693 verbis
1410 644 1485 692 sic
1512 644 1829 708 transpositis
1867 621 2073 716 Atque
2097 635 2226 697 telo

315 716 425 777 suo
462 719 582 778 sibi
613 719 778 777 hunc
804 718 1033 778 malitia
1063 739 1098 779 a
1129 720 1370 780 foribus
1402 715 1666 799 pellere.
1696 750 1786 765 -·
1825 729 1887 777 V.
1910 724 2016 778 293
2048 741 2140 792 pro
2167 726 2228 775 li-

319 804 522 850 brorum
560 802 807 866 scriptura
844 816 984 866 quom
1018 801 1132 866 (aut
1168 802 1332 868 quem)
1367 803 1418 851 in
1450 809 1650 852 monem
1674 804 1810 852 uenit
1835 803 1971 866 quod
2002 805 2224 868 ineptum

316 869 578 935 glossema
614 884 728 919 esse
765 870 891 920 mihi
929 871 1173 920 concedes
1210 872 1414 936 reposui
1451 885 1591 935 quom
1621 872 1870 935 recogito:
1919 873 2086 936 aptius
2127 870 2226 919 for-

318 955 456 994 tasse
491 957 678 1017 quom
713 938 1036 999 considero
1071 945 1179 1013 (cll.
1215 946 1353 999 Trin.
1373 944 1533 1009 404),
1569 945 1670 995 nisi
1705 946 2011 996 reconditius
2049 946 2224 1008 quida

316 1030 469 1085 poeta
519 1024 767 1087 scriptum
814 1022 910 1073 fuit
958 1023 1093 1086 quod
1176 1030 1471 1086 osteaquam
1521 1021 1816 1087 glossemati
1862 1020 1934 1070 illi
1976 1023 2222 1087 originem

319 1091 459 1139 dedit
495 1090 769 1156 expulsum
804 1099 896 1141 est.
937 1119 1005 1128 —-
1040 1091 1105 1141 V.
1196 1089 1230 1142 2
1266 1092 1452 1140 rectius
1480 1097 1603 1156 puto
1636 1104 1789 1152 quam
1815 1098 1953 1140 certo
1980 1090 2226 1140 scribatur

319 1159 511 1219 certe.
540 1191 630 1207 ·—-
668 1169 731 1217 V.
763 1163 870 1219 384
905 1168 1049 1218 vides
1088 1182 1199 1216 eam
1236 1167 1594 1216 correctionem
1631 1180 1783 1228 quam
1820 1165 1941 1214 olim
1974 1164 2223 1230 Philologi

321 1253 439 1291 tom.
463 1243 507 1291 11
533 1258 585 1309 p.
607 1240 677 1294 94
709 1257 1075 1309 proposueram
1110 1258 1191 1292 me
1228 1242 1477 1292 abiecisse
1512 1248 1560 1289 et
1598 1239 1748 1290 aliam
1773 1248 2047 1306 temptasse
2071 1256 2218 1304 quam

318 1312 490 1361 nescio
545 1326 611 1361 an
654 1314 821 1376 ipsam
867 1311 1040 1362 itidem
1087 1313 1276 1361 reicere
1319 1319 1368 1359 et
1415 1309 1545 1360 hanc
1592 1306 1715 1358 cin.
1755 1308 2083 1360 Laenmmm
2117 1325 2218 1359 am-

318 1379 467 1443 plecti
505 1381 717 1431 debeam
755 1396 909 1445 quam
945 1393 1018 1430 τῖ’
1054 1395 1254 1443 quoque
1289 1392 1450 1444 nuper
1486 1377 1705 1426 adsensu
1741 1389 1848 1425 'tvo
1884 1379 2218 1442 comprobasti

318 1462 472 1522 Nam
509 1445 1002 1543 ‘Amphitruonis
1035 1462 1255 1523 Sdsiai’
1288 1480 1387 1522 me
1422 1461 1579 1521 esse.
1601 1493 1691 1504 ·—
1729 1467 1792 1516 V.
1813 1463 1917 1517 395
1954 1482 2050 1515 non
2091 1477 2224 1518 recte

324 1553 505 1602 fecisse
542 1554 718 1604 videor
746 1554 883 1617 quod
911 1552 1146 1605 omrem
1182 1554 1284 1603 mei
1323 1553 1658 1602 coniecturam
1698 1540 1919 1603 foedus
1959 1542 2042 1602 ici
2074 1564 2224 1614 repua

322 1634 478 1684 (flavi.
522 1664 594 1676 ——
639 1636 706 1686 V.
730 1634 1298 1701 402¹transponendum
1335 1643 1411 1684 est
1443 1627 1605 1687 Mihi
1648 1625 1844 1705 quod,
1888 1649 1938 1683 v,
1959 1628 2063 1683 446
2098 1632 2220 1681 scri·

320 1717 540 1769 bendum
572 1713 1072 1772 cicatricosmust.
1103 1744 1190 1757 ··—-
1225 1720 1290 1768 V.
1319 1716 1421 1768 462
1462 1718 1627 1782 recepi
1668 1717 1846 1767 Lmen
1883 1717 2218 1766 coniecturam

321 1793 372 1840 in
409 1793 611 1854 Quaest.
650 1795 811 1845 Plaut.
850 1810 903 1859 p.
925 1794 991 1844 52
1025 1796 1337 1860 propositam
1374 1808 1475 1855 qua
1497 1788 1694 1843 hiatum
1723 1795 1773 1841 in
1798 1789 1878 1843 uti'
1897 1807 1989 1858 eqo
2011 1792 2217 1842 admisi:

320 1864 413 1912 sed
456 1880 589 1914 nnnc
633 1864 856 1914 intellexi
900 1876 971 1913 τι
1018 1865 1069 1912 in
1105 1864 1299 1929 Proleg.
1338 1861 1474 1910 Trin.
1513 1876 1564 1927 p.
1589 1874 1711 1913 scm
1754 1876 1831 1923 sq.
1853 1860 1951 1910 hoc
1989 1860 2219 1909 hiatuttm

320 1944 482 1992 genus
521 1934 625 1982 iure
656 1933 1020 1982 condemnasse
1047 1932 1216 1995 itaque
1244 1931 1378 1980 hunc
1408 1943 1609 1978 versum
1640 1929 1716 1977 sic
1742 1935 2017 1978 correctum
2046 1927 2218 1977 malim

324 1990 403 2062 Vt
459 2018 573 2080 ego
629 2020 766 2062 raso
800 2002 1023 2081 ⁴capite
1070 1998 1276 2061 caluos
1319 1996 1504 2059 hodie
1548 1997 1781 2078 capiam
1818 1995 2083 2078 pileum,
2139 2018 2218 2052 cui

320 2093 631 2135 correcturae
683 2094 817 2133 certe
872 2099 971 2134 non
1026 2084 1322 2135 adversatur
1375 2084 1720 2133 testimonium
1774 2080 1938 2131 Servii
1976 2083 2029 2130 in
2065 2080 2216 2144 Verg.

319 2157 447 2203 Aen.
469 2153 582 2202 Vm
612 2149 713 2204 564
743 2153 827 2216 qui
867 2168 933 2203 ex
969 2153 1213 2203 memoria
1248 2160 1303 2200 ut
1339 2151 1546 2216 adparet
1581 2150 1707 2200 haec
1756 2151 1927 2201 laudat
1959 2151 2093 2216 quod
2126 2149 2218 2197 uei-

318 2239 430 2271 nam
464 2224 547 2271 ille
576 2222 723 2285 faxit
753 2221 982 2284 Iuppiter
1016 2229 1069 2271 ut
1102 2236 1223 2272 raso
1258 2221 1424 2282 capite
1441 2225 1632 2282 portem
1648 2221 1855 2281 pilam,
1892 2220 2028 2268 unde
2050 2227 2217 2267 tamen

316 2307 421 2342 non
475 2291 701 2339 dubitavi
753 2301 803 2340 v·
843 2288 944 2341 461
994 2291 1141 2354 faa-it
1178 2290 1425 2338 asciscere
1460 2302 1552 2352 pro
1597 2288 1836 2338 librorum
1875 2288 2216 2339 Plautinorum

313 2360 494 2424 saciat.
535 2358 712 2408 eadem
748 2358 810 2408 de
847 2373 1000 2408 causa
1035 2355 1287 2409 Rudffffl
1326 2358 1522 2406 initium
1559 2367 1843 2421 corruptum
1876 2370 1990 2406 esse
2015 2368 2216 2412 censeo,

319 2437 408 2487 ubi
460 2443 546 2484 aut
598 2435 1025 2499 transponendum
1081 2434 1278 2483 videtur
1322 2424 1492 2485 Tfine
1533 2432 1675 2485 sunt
1713 2425 1917 2484 istae?
1971 2440 2057 2480 aut
2105 2444 2216 2479 cnm

321 2516 627 2567 Camenam
666 2516 985 2567 scribendum
1020 2508 1078 2569 Τ
1078 2507 1272 2569 {laone
1302 2511 1458 2570 istae
1488 2509 1669 2569 sunt?
1724 2528 2028 2578 quamquam
2064 2514 2217 2563 etiam

319 2595 642 2644 Bormanvu
695 2591 804 2642 Τιἰα
849 2599 966 2643 sunt
1000 2593 1173 2643 istaec.
1226 2592 1381 2644 habet
1427 2608 1525 2655 quo
1563 2606 1620 2642 se
1654 2592 1984 2641 commendet.
2021 2616 2092 2627 -
2142 2589 2217 2637 De

321 2679 365 2711 v.
400 2657 502 2713 487
555 2676 658 2711 non
708 2661 945 2711 invidebo
993 2662 1171 2711 ceteris
1217 2663 1303 2724 qui
1350 2660 1481 2709 hanc
1528 2661 1794 2724 epistulam
1842 2660 2011 2725 legent
2068 2671 2213 2705 ‘run

316 2731 619 2781 sententiam
653 2730 863 2779 comiter
896 2743 1094 2779 mecum
1131 2744 1162 2779 a
1196 2742 1266 2778 τις
1307 2730 1742 2779 communicatam.
1792 2726 2048 2778 consultus
2084 2727 2215 2774 enim

317 2801 381 2850 de
412 2801 565 2863 fieret
600 2797 845 2848 vocabulo
884 2813 984 2862 quo
1019 2798 1143 2861 quid
1181 2799 1397 2847 facerem
1434 2798 1720 2847 nesciebam
1744 2801 2077 2861 posteaquam
2102 2809 2217 2843 sen-

316 2869 474 2917 tentia
508 2868 767 2933 flagitante
802 2866 1000 2917 curabit
1033 2867 1231 2917 restitui
1267 2881 1358 2931 pro
1397 2881 1457 2916 eo
1495 2867 1633 2929 quod
1668 2866 1720 2915 in
1749 2864 1891 2913 libris
1910 2870 1986 2912 est
2002 2865 2215 2922 curauit,

315 2949 391 2985 ων
429 2935 551 2984 mihi
589 2936 891 3000 rescripsisti
925 2948 996 2985 ‘ru
1033 2950 1233 2998 quoque
1268 2936 1437 3000 ipsum
1467 2936 1568 2984 iam
1599 2935 1685 2982 diu
1703 2931 1901 2982 curabit
1918 2933 2216 2991 correxisse,

313 3005 413 3056 sed
460 3005 617 3054 verba
669 3018 766 3054 uno
818 3012 873 3054 ut
917 3005 1027 3067 fetu
1072 3006 1222 3067 fieret
1272 3017 1379 3054 'run
1431 3003 1593 3053 videri
1638 3001 1701 3050 ab
1739 3001 2008 3064 interprete
2044 3002 2219 3052 addita

314 3073 426 3137 (cll.
478 3088 523 3127 v,
553 3069 686 3135 878)
731 3072 1016 3122 Plautinum
1062 3072 1438 3123 hemistichium
1488 3069 1745 3136 expulisse
1791 3069 1928 3131 quod
1977 3070 2076 3121 hoc
2113 3071 2218 3120 fere

314 3143 482 3193 fuisse
517 3149 692 3206 posset
727 3139 956 3204 Iuppiter
989 3157 1194 3192 stemma-3
1227 3157 1379 3192 meus.
1419 3149 1524 3189 tum
1550 3154 1668 3188 vero
1699 3153 1812 3187 cum
1834 3154 1913 3189 me
1934 3140 2218 3190 monuisses

312 3227 380 3261 ne
431 3224 608 3259 versus
656 3210 858 3271 quidem
903 3206 1006 3260 489
1056 3219 1104 3258 et
1142 3206 1249 3260 490
1292 3211 1363 3258 ita
1415 3215 1470 3257 ut
1505 3209 1557 3256 in
1593 3206 1735 3257 libris
1771 3208 1944 3272 scripti
1985 3217 2153 3257 essent
2190 3222 2219 3255 a

313 3279 495 3329 Plauto
536 3292 690 3343 posse
730 3278 985 3344 profectos
1034 3291 1149 3327 esse
1193 3291 1395 3339 unaque
1437 3276 1584 3340 plura
1631 3276 1698 3326 ad
1737 3291 1824 3326 eos
1861 3275 2219 3341 perpoliendos

312 3365 345 3398 a
384 3360 456 3396 'ru
496 3353 738 3412 temptata
774 3362 968 3398 mecum
1007 3347 1076 3396 ita
1113 3345 1541 3395 communicasses
1565 3352 1620 3395 ut
1643 3352 1830 3395 certum
1855 3345 2093 3395 iudicium
2120 3358 2217 3393 non

309 3415 700 3482 proloquerere‚
761 3416 924 3464 denuo
970 3415 1236 3480 pensitatis
1278 3414 1558 3465 rationibus
1595 3429 1690 3479 ego
1726 3429 1790 3462 ne
1825 3412 1978 3462 hodie
2015 3413 2217 3475 quidem

314 3487 510 3534 Bo'nm
547 3484 823 3534 sententiae
859 3484 1096 3533 accedere
1130 3496 1339 3547 possum
1377 3484 1463 3544 qui
1500 3490 1657 3531 totum
1697 3498 1742 3529 v.
1765 3476 1869 3529 489
1895 3481 2066 3530 eiecit:
2105 3492 2217 3525 nam

1790 3563 1819 3607 ι)
1841 3560 1873 3594 ποι
