2584 3834
2054 160 2194 227 271

259 352 324 404 V.
377 349 483 403 256
519 360 567 401 et
602 345 709 402 257
743 346 983 399 trochaici
1019 343 1289 410 septenarii

291 463 316 473 -
382 430 487 485 258
522 434 590 483 ad
622 430 728 485 262
760 429 1016 482 bacchiaci
1051 426 1325 478 tetrametri
1359 421 1620 476 acatalecti

293 547 316 557 ·
384 512 489 568 263
522 515 824 566 bacchiacus
864 514 1076 563 dimeter
1110 508 1415 560 acatalectus

294 628 317 639 -
384 596 490 651 264
525 601 735 650 creticus
769 603 1058 648 tetrameter
1092 591 1397 643 acatalectus

293 710 316 721 -
385 680 489 733 265
523 683 769 732 iambicus
812 680 1023 730 dimeter
1059 675 1379 726 catalecticus

295 792 320 803 -
388 762 494 817 266
526 765 593 815 ad
627 760 733 817 272
767 761 935 812 cretici
971 757 1246 810 tetrametri
1279 755 1545 807 acatalecti

289 875 315 888 -
383 844 489 900 273
521 850 733 896 creticus
769 849 1059 895 tetrameter
1093 840 1415 891 catalecticus

293 960 320 971 -
388 926 494 983 274
524 932 593 980 ad
624 925 729 981 277
764 926 932 979 cretici
967 924 1242 975 tetrametri
1275 921 1534 973 acatalecti

294 1042 319 1055 -
388 1012 494 1069 278
526 1015 594 1066 ad
626 1012 729 1067 286
762 1011 1020 1064 bacchiaci
1051 1008 1329 1060 tetrametri
1364 1006 1631 1058 acatalecti

294 1129 319 1139 -·
387 1095 494 1152 287
527 1097 825 1149 bacchiacus
863 1096 1077 1147 dimeter
1109 1091 1413 1144 acatalectus

293 1212 317 1222 -
387 1178 494 1233 288
527 1180 825 1231 bacchiacus
853 1183 1147 1229 ¹tetrameter
1177 1173 1480 1225 acatalectus

296 1257 340 1306 ·'
385 1261 492 1317 289
527 1262 816 1312 trochaicus
849 1261 1063 1312 dimeter
1097 1243 1407 1310 acatalectus

286 1352 317 1388 '-
387 1345 494 1399 290
528 1347 595 1396 ad
628 1342 732 1397 413
765 1344 968 1395 iambici
1000 1341 1271 1408 septenarii

292 1460 317 1472 ··
384 1426 491 1482 414
521 1430 588 1479 ad
622 1426 727 1481 449
760 1425 1000 1480 trochaici
1033 1424 1308 1491 septenarii

291 1544 316 1556 ·
383 1512 491 1566 450
527 1514 595 1564 ad
628 1510 734 1564 558
765 1511 968 1561 iambici
1002 1509 1188 1560 senarii

294 1629 315 1641 -
382 1597 488 1652 559
523 1598 590 1649 ad
627 1596 731 1649 592
763 1596 1005 1646 trochaici
1036 1594 1309 1660 septenarii

293 1711 319 1724 -
387 1679 491 1736 593
527 1682 593 1732 ad
625 1677 730 1733 614
763 1679 966 1730 iambici
995 1678 1182 1728 senarii

291 1796 318 1807 -
385 1763 490 1818 615
526 1764 594 1815 ad
626 1760 730 1817 663
760 1760 1000 1813 trochaici
1036 1750 1320 1826 septenarii

294 1877 319 1889 -
386 1845 494 1901 664
528 1848 596 1898 ad
630 1844 734 1899 666
769 1846 939 1896 cretici
971 1844 1248 1895 tetrametri
1282 1839 1545 1892 acatalecti

295 1958 319 1969 -
388 1927 492 1984 667
526 1938 576 1981 et
609 1927 715 1983 668
745 1928 1002 1981 bacchiaci
1036 1924 1314 1977 tetrametri
1347 1921 1610 1975 acatalecti

295 2042 319 2052 -
390 2010 496 2066 669
531 2014 600 2064 ad
630 2009 733 2066 673
768 2010 938 2062 cretici
971 2006 1248 2061 tetrametri
1284 2005 1543 2057 acatalecti

296 2126 320 2137 -
390 2092 495 2150 674
529 2103 578 2147 et
609 2093 712 2150 675
745 2094 1005 2147 bacchiaci
1038 2087 1615 2144 tetrametriacatalecti

293 2213 318 2224 -
388 2179 492 2237 676
527 2184 775 2235 iambicus
810 2180 1126 2248 septenarius

295 2299 319 2309 -
388 2265 493 2323 677
526 2266 811 2319 trochaicus
849 2266 1165 2332 septenarius
1271 2287 1278 2292 ·

293 2381 318 2392 -
387 2347 494 2404 678
528 2352 597 2401 ad
627 2347 733 2403 680
766 2350 939 2401 cretici
972 2347 1248 2399 tetrametri
1283 2344 1546 2397 acatalecti

292 2466 317 2478 -
386 2434 490 2489 681
527 2437 596 2487 ad
628 2432 731 2488 705
768 2434 973 2485 iambici
1008 2432 1283 2499 septenarii

293 2550 318 2562 ··
388 2517 492 2574 706
527 2520 595 2570 ad
628 2514 732 2571 779
766 2517 1007 2568 trochaici
1040 2513 1315 2581 septenarii

291 2634 318 2647 -
385 2601 489 2658 780
523 2605 590 2654 ad
625 2600 729 2656 905
765 2601 969 2652 iambici
1000 2599 1188 2650 senarii

288 2718 314 2731 -
381 2686 487 2743 906
524 2688 592 2738 ad
624 2683 731 2739 918
763 2685 1023 2736 bacchiaci
1056 2679 1330 2735 tetrametri
1363 2674 1627 2728 acatalecti

292 2800 317 2813 ·
385 2770 490 2825 919
522 2770 770 2821 iambicus
805 2770 1019 2820 dimeter
1053 2766 1357 2819 acatalectus

291 2884 316 2896 -
383 2853 491 2908 920
527 2855 595 2906 ati
628 2849 734 2906 937
766 2851 1005 2902 trochaici
1041 2847 1282 2900 octonarii

291 2968 316 2980 ·
383 2936 490 2991 938
525 2939 592 2988 ad
631 2934 738 2990 944
774 2937 977 2986 iambici
1011 2933 1254 2985 octonarii

292 3052 317 3063 -
386 3020 489 3075 945
525 3022 593 3073 ad
628 3017 734 3073 948
766 3019 974 3071 iambici
1014 3016 1288 3083 septenarii

292 3137 317 3147 -
385 3104 491 3159 949
524 3105 592 3156 ad
624 3102 726 3157 951
765 3102 935 3155 cretici
967 3101 1244 3153 tetrametri
1280 3095 1541 3149 acatalecti

293 3219 317 3232 -
387 3188 492 3243 952
526 3195 576 3240 et
610 3184 718 3241 954
750 3186 990 3238 trochaici
1025 3183 1325 3235 monometri
1358 3176 1730 3248 hypercataieet

290 3303 316 3315 -
386 3270 492 3326 953
527 3278 577 3323 et
610 3268 715 3323 955
751 3269 924 3320 cretici
954 3267 1169 3318 trimetri
1205 3263 1479 3315 catalectici

289 3384 318 3398 -
388 3353 494 3409 956
526 3354 593 3406 ad
626 3351 732 3407 962
765 3352 1005 3403 trochaici
1042 3349 1291 3401 octonarii
