2584 3834
760 181 850 232 AD
887 181 1048 233 mm.
1090 183 1534 237 RITSCHELIVM.
1885 187 2115 241 xxvlm

197 334 243 382 iu
259 331 483 397 epistula
509 346 616 382 ’ΠΛ
637 332 1004 386 Mediolanensi
1022 336 1090 385 ad
1108 337 1456 388 Hssanumwn
1477 339 1596 388 data
1616 340 1927 404 descripsisti
1958 356 2017 391 ea
2037 351 2114 391 est

199 412 248 451 ut
276 400 429 450 facile
447 411 624 465 partes
644 404 896 465 quaedam
921 406 1325 456 membranarum
1355 407 1545 470 aliquot
1577 422 1822 457 annorum
1847 409 2114 460 intervallo

201 472 318 521 adeo
339 471 443 518 situ
467 480 733 535 corruptae
752 487 869 521 esse
884 475 1137 537 potuerint
1173 485 1226 523 ut
1258 476 1396 538 quod
1415 491 1545 526 anno
1576 475 1728 526 huius
1758 477 1950 526 saeculi
1972 491 2112 529 xxxv

198 541 294 605 legi
320 546 558 604 potuerat
594 539 729 589 idem
768 555 898 590 anuo
929 555 1102 592 xxxvu
1129 543 1408 593 interisset:
1456 546 1507 594 in
1541 546 1720 595 ceteris
1754 554 1923 594 autem
1958 547 2112 596 rebus

199 609 298 658 fere
336 608 575 658 omnibus
609 608 745 658 illius
784 617 1019 695 excerpta
1051 626 1164 660 cum
1185 626 1311 661 vvis
1337 613 1641 679 conspirant.
1677 613 1740 667 V.
1762 610 1860 664 186
1879 615 2020 664 initio
2049 616 2112 664 de

199 693 291 740 quo
314 690 389 725 ων
418 668 545 725 ‘non
580 679 703 726 satis
739 676 930 740 liquere
966 679 1217 744 profiteris
1256 682 1341 731 ille
1376 682 1429 731 in
1456 683 1791 734 Ambrosiano
1824 691 1997 732 extare
2020 684 2111 732 ad-

198 747 386 795 notavit
430 758 936 798 memmmtom‘ssn
985 749 1124 811 quod
1169 750 1215 799 si
1263 765 1378 801 cum
1420 751 1666 816 scriptura
1714 752 2014 801 relicuorum
2051 740 2111 799 1?-

200 817 397 865 brorum
434 814 661 865 Hascine
694 831 768 866 me
797 825 1012 880 propter
1040 821 1411 883 comparaveris
1439 834 1537 869 non
1558 821 1769 886 negabis
1789 821 2114 870 verissimum

199 898 325 933 esse.
364 909 439 921 —
487 884 552 934 V.
589 880 691 936 351
747 885 883 935 idem
932 885 1062 936 haec
1108 888 1358 953 excerpsit
1409 900 2111 942 amuccuonnonnnasss-

196 965 402 1003 nnus
441 948 452 1017 Ι
511 965 872 1004 utrumnum
921 962 971 1005 et
1023 955 1094 1004 ita
1138 955 1346 1020 quidem
1386 966 1442 1007 ut
1476 958 1540 1007 ab
1577 970 1940 1009 numnam:
1977 972 2104 1008 nova

197 1023 383 1086 pagina
418 1021 443 1085 (
482 1020 510 1086 )
541 1023 773 1088 incipiat,
810 1024 944 1073 unde
972 1038 1073 1073 non
1107 1024 1334 1075 dubitavi
1358 1024 1484 1076 illud
1512 1027 1652 1076 uelim
1682 1028 1956 1087 asciscere,
1995 1041 2108 1076 cum

198 1094 436 1154 adpareat
482 1095 658 1141 malum
701 1100 847 1141 vetus
884 1092 1140 1157 glossema
1176 1109 1289 1143 esse
1327 1095 1465 1157 quod
1498 1096 1550 1145 in
1585 1096 1786 1145 relicuis
1821 1096 1963 1146 libris
1999 1111 2082 1145 om

136 1166 147 1172 ·
197 1160 343 1209 nibus
381 1162 654 1224 genuinam
689 1175 863 1210 vocem
900 1163 1044 1212 uelim
1072 1158 1268 1228 'expulit
1307 1160 1401 1226 (cf.
1434 1179 1485 1212 v.
1515 1160 1618 1216 361
1656 1166 1742 1214 ubi
1778 1165 1832 1214 in
1868 1164 2104 1214 Ambros-

197 1227 348 1277 simili
400 1228 761 1295 interpretandi
807 1244 990 1295 genere
1040 1244 1375 1281 manum-A
1421 1245 1514 1297 pro
1559 1233 1708 1283 ’κάτα
1742 1232 1951 1298 legitur,
2006 1249 2110 1297 quo

195 1296 500 1362 glossemate
547 1298 662 1349 libri
708 1298 882 1348 relicui
924 1308 1216 1349 manserunt
1251 1296 1715 1362 liberi):‘ceterum
1752 1302 1890 1363 quod
1925 1303 1976 1351 in
2010 1302 2107 1352 hoc

194 1379 342 1415 versu
375 1372 423 1415 et
450 1382 580 1417 nune
612 1367 747 1434 qnod
777 1382 873 1418 non
900 1367 1057 1418 habes
1083 1369 1265 1434 scripsi
1294 1368 1461 1434 (quod
1490 1384 1554 1419 ex
1582 1369 1922 1420 Palatinorum
1948 1372 2106 1436 scrip-

194 1444 306 1483 tura
342 1441 393 1484 et
426 1436 554 1486 illud
585 1435 720 1503 qnod
751 1453 879 1486 nunc
913 1452 1009 1487 non
1043 1436 1200 1487 habes
1232 1437 1456 1503 sumpsi)
1484 1452 1619 1488 nunc
1664 1437 1852 1488 nollem
1898 1438 2104 1498 factum,

194 1518 462 1577 postquam
499 1503 649 1569 illuc
692 1513 847 1565 multo
883 1515 1051 1579 aptius
1086 1529 1201 1565 esse
1231 1514 1486 1575 intellexi,
1524 1516 1646 1579 quia
1677 1515 1731 1565 id
1770 1515 1939 1582 ipsum
1972 1515 2106 1581 quod

193 1604 287 1639 non
317 1589 476 1641 habes
500 1591 625 1654 quid
651 1593 716 1642 sit
744 1607 844 1642 non
865 1592 1150 1642 distinctius
1168 1593 1469 1642 nominatur.
1505 1619 1577 1629 —
1607 1594 1672 1643 V.
1693 1589 1797 1644 442
1816 1589 2105 1643 Scnwmz-

194 1671 414 1708 mnvs
447 1658 571 1725 legit
602 1674 1078 1716 mmmmm-nos
1114 1661 1251 1724 quod
1286 1662 1462 1710 itidem
1495 1661 1815 1712 verissimum
1846 1676 1960 1712 esse
1985 1676 2103 1710 con-

195 1727 341 1776 cedes
388 1743 502 1777 eum
538 1729 715 1781 relicui
747 1731 861 1780 libri
899 1744 1073 1780 omnes
1107 1729 1330 1780 habeant
1361 1730 1492 1780 inter
1526 1746 1583 1780 se
1618 1737 1767 1796 atque
1802 1745 1920 1791 nos,
1969 1729 2106 1793 quod

195 1810 304 1844 cum
358 1811 513 1847 sensu
564 1808 753 1849 careret
799 1799 1025 1850 Mssnvu
1072 1798 1287 1848 correxit
1330 1797 1465 1848 inter
1506 1815 1562 1848 se
1599 1806 1748 1863 atque
1788 1815 1907 1856 uos,
1954 1813 2103 1860 quem

194 1880 368 1915 omnes
412 1867 632 1917 editores
672 1871 841 1918 secuti·
867 1876 1008 1918 sunt:
1061 1867 1156 1918 sed
1188 1866 1317 1917 illud
1349 1866 1499 1932 longe
1534 1868 1775 1917 urbanius
1814 1877 1890 1917 est
1927 1868 1978 1915 in
2017 1883 2105 1916 ore

190 1933 433 1984 Philtonis
474 1944 646 1988 contra
680 1937 1032 1988 Lesbonicum.
1070 1964 1129 1972 -—
1173 1937 1239 1985 V.
1266 1932 1372 1987 5⁰8
1407 1936 1585 1985 eadem
1622 1936 1918 1986 auctoritate
1949 1934 2102 1984 nixus

193 2002 355 2053 delevi
387 2003 470 2054 hic
504 2007 644 2068 quod
677 2008 730 2056 in
765 2006 966 2057 relicuis
1001 2006 1142 2056 libris
1177 2011 1294 2070 post
1327 2004 1418 2056 sub
1441 2004 1565 2056 urbe
1585 2006 1826 2071 scriptum
1845 2009 2000 2054 extat.
2033 2027 2106 2042 —-

189 2072 271 2121 Ad
304 2089 356 2122 v.
384 2069 492 2125 860
525 2083 576 2124 et
611 2075 742 2125 duos
779 2078 867 2139 qui
903 2076 1037 2126 hunc
1070 2074 1330 2138 excipiunt
1366 2086 1439 2133 ‘m‘
1473 2073 1596 2124 nihil
1632 2091 1698 2125 ex
1729 2075 1963 2127 Ambros.
2007 2074 2098 2123 ad-

189 2142 394 2202 notasti,
446 2140 942 2195 Scnwmzunnvs
993 2144 1145 2193 haec:
1195 2139 1303 2194 860
1334 2156 1815 2195 resunrmnxsssss
1862 2158 1954 2208 pro
1992 2158 2105 2192 esse

186 2211 345 2272 ipsum
380 2213 563 2274 plane,
616 2210 719 2265 861
765 2227 1034 2268 evolutas
1083 2228 1175 2278 pro
1214 2210 1370 2272 Quam
1402 2213 1560 2276 magis
1597 2220 1646 2261 et
1681 2224 2101 2262 mninfflonmus

185 2294 276 2343 pro
325 2280 443 2329 mila·
486 2281 611 2331 haec
660 2282 864 2333 hominis
910 2281 990 2348 (at
1021 2281 1085 2330 V.
1115 2279 1169 2329 C.
1197 2280 1314 2330 milii
1342 2280 1575 2331 hominis:
1625 2280 1691 2329 cf.
1716 2297 1765 2331 v.
1792 2277 1951 2343 852),
1998 2276 2106 2330 862

185 2361 509 2398 nouossssss‘r
547 2366 641 2416 pro
674 2351 882 2409 homost,
921 2365 1048 2413 quas
1082 2349 1198 2399 libri
1235 2350 1559 2399 Ambrosiaui
1587 2349 1860 2415 scripturas
1904 2358 2106 2413 praeter

186 2417 417 2467 nltimam
469 2420 557 2482 qui
606 2435 776 2470 merus
831 2429 907 2469 est
959 2420 1149 2469 librarii
1206 2433 1346 2468 error
1392 2418 1707 2484 recipiendas
1763 2418 1882 2467 duxi
1927 2430 2104 2466 omnes

186 2483 466 2549 (debebam
509 2488 726 2539 fortasse
760 2505 806 2537 v.
832 2486 934 2539 861
971 2495 1139 2551 specto
1175 2483 1276 2552 [eo]
1313 2488 1471 2537 minus
1504 2486 1812 2551 restituere).
1844 2511 1917 2522 —
1948 2484 2102 2535 Deni-

186 2570 284 2617 que
333 2573 380 2606 v.
418 2556 554 2606 1052
596 2557 681 2607 ille
727 2573 827 2607 non
874 2558 928 2607 id
963 2556 1102 2620 quod
1136 2570 1209 2605 ων
1243 2570 1352 2606 'run
1387 2556 1554 2622 legere
1592 2556 1731 2605 visus
1767 2569 1822 2604 es
1859 2567 2103 2604 conus-

181 2637 414 2674 nturum
453 2628 704 2691 excerpsit
738 2626 832 2676 sed
864 2626 1078 2676 totidem
1114 2624 1272 2675 literis
1311 2626 1364 2674 id
1398 2625 1533 2687 quod
1576 2624 1872 2674 Banexlvs·
1898 2623 1932 2672 1.
1968 2638 2013 2675 s.
2054 2637 2101 2674 s.

181 2707 233 2757 p.
272 2691 412 2745 1146
462 2696 747 2744 coniectura
792 2695 1065 2744 adsecutus
1109 2702 1186 2743 est
1236 2689 1733 2742 occu-usnuaauu:
1783 2692 1874 2740 sed
1911 2698 2101 2739 utrum-

190 2777 405 2826 tumque
455 2777 637 2828 reapse
669 2765 723 2813 in
757 2763 883 2814 libro
917 2763 1001 2812 illo
1039 2765 1282 2827 scriptum
1320 2768 1459 2810 extat
1494 2776 1590 2826 ego
1622 2773 1722 2809 non
1761 2759 1934 2809 dubito
1981 2759 2102 2820 quin

186 2842 364 2881 verum
398 2833 465 2882 sit
500 2832 638 2895 quod
678 2832 862 2897 scripsi
895 2834 1129 2895 θεωρίας
1165 2831 1376 2880 duarzum
1405 2843 1620 2893 quocum
1652 2829 1925 2893 depravata
1944 2829 2102 2892 scrip-

181 2906 298 2949 tura
348 2900 694 2952 Palatinorum
735 2902 912 2964 cupias
951 2902 1163 2950 duarum
1198 2901 1346 2949 unice
1399 2898 1647 2949 convenit.
1711 2904 1932 2947 ceterum
1981 2896 2103 2959 quid

182 2969 245 3018 de
284 2970 386 3020 hoc
433 2984 587 3021 versu
626 2970 842 3020 sentiam
889 2970 1187 3034 explicatius
1233 2968 1353 3018 alibi
1377 2965 1610 3031 exposui.
1642 2991 1713 3001 —
1743 2963 1938 3015 Deinde
1970 2965 2102 3015 infra

182 3052 271 3087 eas
307 3039 689 3089 emendationes
724 3039 1014 3089 Rmzuius
1050 3037 1340 3102 exprompsi
1377 3051 1504 3100 quas
1540 3042 1740 3099 praeter
1771 3050 1858 3084 eas
1883 3051 2012 3097 quae
2036 3035 2100 3083 ab

178 3106 495 3158 {innume
530 3108 583 3157 in
612 3107 929 3172 praefatione
946 3105 1221 3157 Trinummt
1244 3121 1294 3171 p.
1313 3119 1372 3154 ix
1396 3120 1472 3167 sq.
1496 3105 1661 3154 editae
1681 3111 1796 3153 sunt
1818 3120 1848 3153 a
1870 3104 2099 3153 Kannsro

175 3177 520 3241 transcriptas
554 3178 782 3241 repperi:
819 3177 931 3241 ipse
968 3175 1171 3238 quidem
1206 3177 1285 3224 vir
1320 3188 1547 3223 summus
1568 3165 1759 3223 se‘alia
1780 3173 1936 3222 multa
1956 3186 2101 3237 prae-

176 3236 352 3296 terire’
387 3246 653 3309 professus
690 3253 766 3294 cst
792 3235 866 3294 ‘in
894 3244 1078 3307 quibus
1094 3245 1317 3293 Rmzrvs
1335 3250 1561 3292 veterum
1577 3241 1818 3292 librorum
1838 3241 2097 3290 lectionem

178 3314 475 3364 coniectura
524 3314 796 3364 adsecutus
848 3303 1013 3373 esset’‚
1060 3313 1153 3363 sed
1203 3311 1361 3362 multa
1410 3312 1559 3360 etiam
1595 3310 1849 3377 praeteriit
1885 3324 2014 3371 quae
2047 3314 2104 3356 ut

175 3381 484 3446 plerumque
532 3383 813 3433 certissima
858 3390 973 3432 sunt
1009 3383 1080 3431 ita
1122 3383 1174 3430 in
1207 3379 1346 3430 nullo
1377 3382 1538 3430 veteri
1568 3379 1696 3430 libro
1731 3384 1932 3441 reperta
1966 3382 2097 3425 sunt.-

176 3458 303 3501 qtunt
336 3461 535 3512 autem,
571 3452 673 3501 nisi
709 3466 839 3515 quae
876 3450 1049 3501 oculos
1081 3464 1224 3499 meos
1261 3449 1525 3515 fugerunt,
1567 3447 1696 3497 haec
1729 3444 2103 3495 emendationes
