2584 3834
483 208 575 260 ΧΠ
1133 210 1448 263 EPISTVLA
1484 210 1735 262 CRITICA

484 363 725 412 rationem
760 362 915 414 habet
947 378 1099 426 quam
1134 365 1312 413 anulus·
1347 364 1412 413 ad
1445 380 1622 413 annum
1641 400 1655 423 ‚
1717 365 1892 413 uilicus
1927 364 1992 415 ad
2029 365 2221 423 uillam,
2263 363 2400 413 mt'lta

485 430 550 480 ad
584 431 740 492 mille,
790 430 930 494 quod
960 445 1121 497 genus
1158 432 1309 481 etiam
1344 432 1494 481 latius
1529 441 1702 497 patere
1738 432 1979 481 arbitror:
2027 448 2194 483 runem
2229 446 2399 482 etc-sum

481 513 682 563 prosum
735 513 860 562 quas
910 498 1099 549 formas
1153 513 1228 550 ‘rv
1275 499 1504 549 Plautino
1558 502 1775 551 sermoni
1827 501 2083 550 evidenter
2128 500 2398 550 vindicasti

486 574 772 619 constanter
807 567 1014 628 reduxi,
1056 566 1160 616 ‘nisi
1195 567 1335 632 quod
1365 567 1551 634 Amph.
1578 567 1709 621 1112
1742 583 1939 618 rursum
1973 569 2154 631 reliqui
2187 577 2400 633 propter

479 650 621 695 iuxta
665 646 887 711 positum
927 658 1151 705 noman,
1207 659 1308 708 qua
1355 645 1419 695 de
1472 660 1626 696 causa
1662 647 1811 696 etiam
1850 645 1993 710 capt.
2015 644 2118 698 656
2151 655 2397 696 sursum

480 737 733 780 norsum
773 727 1011 776 intactum
1049 727 1294 778 debebam
1331 727 1626 790 relinquere.
1666 731 1707 778 ti
1734 740 1826 794 pro
1863 730 1913 779 ci
1941 731 2142 780 servavi
2173 729 2226 778 in
2247 730 2397 779 indu-

478 805 582 852 tiae
633 803 818 865 infitior
868 807 918 849 et
971 801 1159 863 inficias
1208 803 1405 851 nuntius
1445 804 1603 852 contio
1638 803 1855 852 conditio
1888 805 2098 866 ampitio
2133 806 2396 853 conuitium

479 870 739 922 vocabulis
776 883 986 932 quorum
1025 868 1089 920 de
1117 869 1348 934 plurimis
1384 869 1482 919 alio
1520 871 1630 920 looo
1665 871 1943 921 accuratius
1978 872 2220 931 disserui,
2267 873 2391 925 item

478 942 529 989 iu
575 940 729 989 setina
776 938 920 987 cuius
963 937 1205 987 vicariam
1241 937 1453 987 formam
1485 940 1944 989 sectius·Varronis
1978 941 2265 990 testimonio
2302 939 2392 988 fir-

477 1012 664 1056 matam
701 1018 777 1058 ·rv
811 1006 1026 1070 palmari
1062 1006 1412 1056 emendatione
1442 1005 1704 1059 Trin.130
1736 1008 2012 1057 restituisti.
2033 1009 2392 1073 proquscrip-

476 1085 583 1125 tum
628 1082 705 1125 est
747 1089 776 1124 c
818 1075 870 1123 in
904 1073 1084 1124 cotidie
1122 1082 1170 1123 et
1203 1074 1483 1125 cotidianus
1517 1083 1566 1125 et
1600 1078 1812 1126 relicuos
1849 1077 1912 1125 de
1949 1078 2132 1139 quibus
2172 1077 2389 1155 scriptus

477 1146 545 1193 ris
585 1144 636 1193 in
681 1142 868 1208 vulgus
918 1149 1138 1202 constat,
1194 1149 1244 1192 et
1277 1144 1329 1192 in
1364 1156 1511 1193 casso
1546 1157 1638 1208 pro
1677 1157 1876 1209 quaeso.
1916 1158 1944 1193 s
1976 1159 2067 1209 pro
2100 1160 2143 1199 a:
2179 1145 2389 1210 reposu'i

476 1224 527 1272 in
562 1221 802 1280 sescenti,
840 1219 1186 1283 reponendum
1225 1219 1387 1270 fuisse
1419 1235 1533 1270 sero
1567 1221 1674 1271 vidi
1710 1223 1758 1271 in
1794 1210 2120 1292 pausillum
2157 1231 2206 1274 et
2238 1231 2387 1294 per-

472 1292 801 1375 pausillum
844 1302 985 1368 capt.
1018 1299 1119 1355 176
1162 1311 1213 1352 et
1261 1299 1389 1363 177,
1436 1304 1484 1352 in
1539 1293 1926 1373 pausillulum
1969 1313 2017 1355 et
2068 1293 2387 1376 pausilluli

473 1388 602 1443 Rud
628 1384 731 1440 729
766 1394 817 1438 et
851 1383 973 1448 997,
1010 1388 1061 1436 in
1103 1375 1478 1457 pausillafim
1517 1384 1649 1435 Rud.
1670 1383 1800 1439 929·
1847 1403 1938 1452 pro
1971 1403 2000 1437 c
2032 1389 2269 1452 scripturn
2307 1395 2386 1437 est

474 1464 522 1512 in
559 1476 837 1513 suscenseo.
873 1462 1227 1526 pronominum
1261 1459 1452 1510 formas
1485 1462 1689 1525 quicque
1724 1468 1771 1511 et
1812 1464 2067 1527 quicquam
2089 1462 2266 1526 scripsi
2291 1466 2386 1525 per·

471 1546 526 1591 c,
578 1529 820 1595 quidquid
847 1542 940 1593 per
973 1528 1035 1588 d,
1086 1528 1181 1578 sed
1219 1535 1508 1594 constanter
1541 1529 1833 1594 nequiquam
1858 1530 2151 1595 postulante
2187 1529 2382 1578 ratione

471 1607 521 1648 et
571 1597 997 1648 consentientibus
1050 1596 1191 1647 libris
1236 1603 1431 1647 tantum
1470 1612 1570 1647 non
1608 1598 1859 1648 omnibus.
1915 1599 2153 1661 dispenno
2187 1597 2381 1648 formae

471 1665 575 1716 Mil.
599 1662 731 1718 1407
766 1679 860 1730 pro
897 1665 1144 1728 dispando
1179 1666 1279 1714 iam
1314 1680 1469 1731 supra
1499 1667 1686 1715 mentio
1722 1666 1854 1716 facta
1882 1676 1985 1716 est:
2024 1666 2201 1716 eodem
2226 1680 2379 1715 versu

470 1735 731 1785 antennae
765 1733 1005 1799 scriptum
1042 1739 1119 1784 est
1142 1746 1234 1797 pro
1258 1732 1542 1785 distendite.
1583 1734 1774 1784 formae
1798 1731 2049 1799 pleniores
2073 1737 2224 1796 quam
2250 1747 2379 1794 quas

469 1803 672 1868 politior
721 1810 861 1852 aetas
909 1802 1142 1867 probavit
1188 1809 1307 1850 sunt
1341 1804 1546 1853 iuuenix
1582 1802 1684 1852 Mil.
1706 1799 1811 1854 304
1841 1817 1935 1867 pro
1969 1803 2114 1852 iunia>
2147 1809 2195 1850 et
2216 1816 2378 1864 prae-

468 1872 609 1923 lu‘beo
649 1885 741 1937 pro
787 1871 1036 1933 praebeo.-
1083 1870 1238 1920 semel
1274 1868 1439 1935 (Trin.
1458 1868 1589 1933 426)
1626 1871 1738 1919 libri
1769 1878 2015 1919 testantur
2049 1870 2252 1920 dehibeo
2284 1884 2377 1934 pro

470 1939 651 2000 debeo,
701 1938 793 1990 sed
837 1940 957 2002 quia
993 1946 1303 1988 constantem
1340 1938 1592 1989 scribendi
1626 1938 1869 1987 rationem
1907 1938 2087 1999 exequi
2122 1937 2373 1998 volebam,

467 2009 564 2058 hoc
601 2013 767 2057 autem
800 2007 987 2069 ubique
1019 2021 1261 2071 reponere
1293 2004 1417 2054 mihi
1449 2005 1635 2056 nimiae
1670 2005 1911 2055 audaciae
1947 2006 2209 2054 videbatur
2246 2002 2374 2070 (qua

468 2078 518 2125 in
554 2091 607 2127 re
639 2089 774 2124 nunc
806 2087 880 2125 ‘rs
914 2075 1275 2125 adsentientem
1317 2073 1481 2123 habeo
1515 2075 1566 2122 in
1601 2073 1914 2138 praefatione
1945 2071 2102 2123 Stichi
2137 2087 2188 2137 p.
2209 2075 2370 2138 xva),

467 2144 552 2193 illo
597 2158 746 2193 versu
789 2141 1048 2209 vulgarem
1097 2141 1312 2192 formam
1357 2141 1577 2191 restituit
1627 2142 1764 2204 quod
1807 2141 2024 2191 fortasse
2072 2141 2237 2191 facere
2272 2157 2370 2192 non

469 2212 621 2262 debui
656 2211 749 2261 sed
776 2212 947 2277 potius
985 2210 1170 2273 ubique
1204 2209 1407 2260 dehffieo
1442 2223 1654 2273 ponere,
1691 2217 1748 2259 nt
1779 2224 1912 2259 nunc
1946 2223 2026 2259 me
2064 2209 2168 2259 fere
2197 2213 2370 2274 paeni-

466 2290 538 2330 tet
581 2280 720 2362 quod
765 2294 865 2328 non
909 2280 1098 2341 ubique
1144 2278 1352 2328 duellum
1399 2278 1647 2327 duellator-
1690 2279 1935 2329 Duellona
1977 2279 2249 2344 duelliqcro
2291 2295 2369 2329 re-

465 2350 608 2399 stitui
646 2362 738 2414 pro
779 2346 953 2398 bellum
998 2346 1213 2396 bellator
1246 2346 1462 2397 Bellona
1498 2346 1750 2411 belliqero.
1809 2348 1901 2396 sed
1937 2346 2229 2412 diligentius
2266 2355 2370 2398 toto

467 2417 562 2466 hoc
596 2417 706 2466 loco
739 2416 1081 2481 pervestigato
1118 2413 1276 2463 multa
1310 2416 1462 2464 etiam
1495 2415 1618 2464 vitia
1654 2424 1703 2466 et
1725 2415 2057 2481 inelegantiae
2086 2416 2371 2481 aperientur

466 2498 593 2549 quas
627 2486 777 2547 aequi
807 2483 1018 2533 lectores
1056 2482 1202 2533 facile
1238 2484 1578 2564 excusabunt,
1612 2485 1911 2548 praesertim
1943 2498 2082 2544 cum,
2119 2491 2176 2534 ut
2210 2486 2367 2535 veris-

464 2554 591 2605 sime
635 2565 711 2603 ’Π
751 2566 915 2633 nuper
962 2551 1205 2612 docuisti,
1245 2542 1446 2616 ‘suapte
1496 2557 1672 2601 natura
1717 2567 1815 2602 non
1860 2559 1962 2602 tam
1999 2554 2148 2602 certis
2182 2553 2368 2603 linibus

463 2622 547 2673 hic
591 2621 732 2672 locus
767 2621 1035 2671 universus
1067 2620 1470 2684 circumscriptus
1504 2620 1569 2669 sit
1605 2621 1722 2683 quin
1761 2634 1959 2703 semper
1993 2621 2240 2684 quaedam
2274 2637 2364 2671 va-

470 2699 642 2741 ·atura
683 2689 783 2740 sint
829 2689 1036 2740 liberius
1080 2703 1209 2751 quae
1252 2689 1404 2738 unius
1438 2702 1643 2739 normae
1676 2690 1943 2739 severitate
1977 2690 2248 2752 exaequati
2278 2699 2364 2739 aut

463 2761 590 2809 ratio
633 2766 770 2809 vetet
815 2764 898 2807 aut
946 2756 1240 2808 dissuadeat
1275 2747 1635 2807 commoditas’.
1693 2757 1782 2807 sed
1818 2772 1917 2806 non
1950 2758 2093 2807 mitto
2128 2757 2260 2807 hunc
2290 2759 2362 2808 lo-

465 2843 578 2877 cum
621 2834 886 2891 antequam
932 2826 996 2876 de
1040 2825 1197 2875 altera
1242 2825 1385 2875 litera
1433 2823 1621 2876 Graeca
1660 2841 1688 2875 z
1725 2840 1873 2888 quam
1912 2839 1965 2875 s
1951 2826 2126 2890 ptimo
2164 2826 2364 2876 demum

371 2880 379 2889 ’
464 2911 509 2945 a.
531 2912 582 2944 u.
607 2910 649 2945 c.
677 2895 878 2945 saeculo
918 2908 1078 2957 eoque
1117 2900 1330 2943 exeunte
1354 2893 1554 2942 relicuis
1580 2893 1744 2943 denuo
1770 2894 2016 2946 adiectam
2041 2908 2154 2944 esse
2178 2895 2361 2944 scimus

462 2964 757 3013 sententiam
807 2976 969 3012 meam
1015 2975 1122 3011 ‘run
1165 2975 1509 3027 proposuero,
1565 2977 1676 3011 cum
1720 2963 1908 3026 aliquot
1949 2962 2001 3011 iu
2048 2961 2146 3012 hoc
2180 2977 2362 3028 genere

462 3039 668 3097 peccata
712 3032 978 3082 admisisse
1014 3030 1189 3080 videar
1223 3042 1353 3093 quae
1390 3032 1693 3080 correctione
1725 3031 2001 3096 indigeant.
2040 3029 2176 3079 illam
2211 3032 2362 3096 igitur

462 3101 655 3151 literam
711 3101 775 3150 ab
821 3099 934 3164 ipso
978 3097 1153 3148 Plauto
1197 3112 1297 3147 non
1342 3113 1455 3148 esse
1503 3097 1781 3149 adhibitam
1827 3106 2012 3148 certum
2060 3104 2162 3147 est·
2227 3107 2359 3149 extat

463 3176 629 3219 autem
676 3169 727 3218 in
771 3167 956 3218 nostris
999 3166 1139 3217 libris
1171 3167 1222 3216 in
1255 3180 1385 3217 zona
1423 3181 1537 3217 cum
1570 3169 1807 3218 tonarius
1839 3168 2000 3217 zanu'a
2035 3166 2225 3216 Zeuxis
2257 3168 2358 3217 Za-

461 3238 666 3303 cynthus
699 3236 876 3287 badizo
912 3236 1161 3298 trapezita
1189 3235 1450 3286 vocabulis
1479 3249 1608 3299 quae
1631 3236 1860 3300 quidem,
1898 3250 2010 3285 cum
2034 3234 2313 3284 Priscianus
2332 3235 2356 3284 1

460 3321 510 3373 p.
533 3303 633 3358 561
667 3306 850 3356 referat
876 3293 1095 3355 veteres
1126 3318 1217 3370 pro
1254 3301 1285 3386 ζ
1314 3319 1342 3355 s
1372 3304 1453 3355 vel
1490 3306 1529 3354 d
1557 3306 1792 3370 posuisse
1825 3302 2124 3370 sagunthum
2162 3301 2244 3369 [an
2260 3302 2354 3353 Sa-

461 3375 690 3433 canotus,
744 3381 800 3424 ut
851 3373 1207 3440 grammaticus
1260 3374 1401 3438 ipsos
1447 3387 1623 3424 versus
1669 3373 1957 3424 Mercatoris
2002 3371 2257 3421 Plautinae
2291 3371 2353 3421 111

459 3442 496 3494 ⁴
530 3441 597 3496 62
645 3443 692 3494 V
726 3441 760 3495 2
794 3438 863 3495 99
900 3440 1001 3494 102
1054 3443 1125 3492 ἰιι
1159 3448 1326 3492 mente
1376 3439 1666 3508 habuerit?]
1710 3457 1876 3493 massa
1921 3456 2013 3507 pro
2064 3429 2362 3498 Ζάκυνθος,
