2584 3834
830 216 917 266 AD
954 216 1117 267 mu).
1155 214 1602 268 RlTSCHELlVM.
2139 216 2186 266 V

262 369 578 421 consuetudo
609 360 875 429 Plautiua’,
915 377 1003 420 aut
1034 383 1236 419 manum
1269 367 1552 419 Plautinum
1586 375 1673 420 aut
1708 377 1842 421 certe
1876 368 2054 421 Plauto
2081 385 2181 421 non

264 440 525 505 indignam
572 439 908 488 restituerem.
964 437 1051 487 ubi
1102 452 1221 487 vero
1268 436 1510 487 librorum
1559 439 1838 504 scripturae
1875 438 2003 489 adeo
2040 448 2181 489 eraut

264 508 571 572 depravatae
615 515 670 556 ut
717 506 840 569 quid
889 522 920 556 a
972 514 1120 572 poeta
1155 505 1436 571 profectum
1470 515 1605 556 esset
1639 521 1805 569 neque
1839 507 2035 572 priores
2070 508 2180 558 edi-

267 584 397 626 tores
443 576 701 626 invenisse
740 575 1031 626 viderentur
1061 590 1227 638 neque
1264 589 1361 640 ego
1397 575 1640 625 extricare
1661 589 1898 641 possem,
1936 575 2008 625 ibi
2030 576 2176 641 siguo

266 645 579 709 corruptelae
611 643 787 696 addito
821 650 1045 694 monstra
1079 642 1257 708 optimi
1282 642 1400 694 libri
1430 657 1632 694 servare
1650 645 1810 694 satius
1826 643 2003 710 putavi
2024 658 2175 708 quam

270 714 434 764 verbis
472 722 654 779 poetae
686 713 882 776 aliquid
916 713 1198 763 immiscere
1230 712 1368 775 quod
1403 712 1572 777 ipsum
1604 713 1873 778 scripsisse
1897 713 2033 763 omui
2054 727 2173 777 pro-

268 781 545 832 babilitatis
588 782 759 848 specie
800 789 1013 833 careret:
1068 779 1162 830 has
1205 780 1360 846 igitur
1401 781 1626 831 maculas
1666 795 1782 833 cum
1829 781 2007 832 ceteris
2045 796 2175 844 quae

268 865 408 900 meos
444 849 620 901 oculos
655 850 893 917 fugerunt
928 863 1037 901 τινα
1073 848 1315 900 eluendas
1336 849 1530 915 ingenii
1554 851 1772 900 acumini
1795 850 2001 913 reliqui,
2039 849 2178 913 quod

268 935 417 982 quam
453 921 687 985 ingentes
723 934 783 969 ac
813 933 972 985 prope
1005 915 1385 983 inexplicabiles
1415 919 1553 969 visas
1589 917 1908 969 difficultates
1938 918 2179 984 expedire

271 989 416 1038 sciret
463 1004 579 1038 cum
614 988 733 1038 alibi
766 997 872 1038 tum
905 989 1124 1037 maxime
1158 1001 1320 1052 nuper
1352 987 1406 1036 in
1446 986 1604 1038 Milite
1638 987 1859 1054 glorioso
1897 987 2068 1038 fabula
2102 988 2178 1037 iu-
2261 1034 2270 1041 ,

271 1057 574 1108 credibiliter
608 1065 841 1123 corrupta
873 1044 1148 1107 l'uculenter
1182 1055 1466 1107 declarasti.

408 1126 741 1177 Absolveram
776 1132 943 1176 autem
979 1126 1199 1189 quinque
1232 1124 1416 1175 harum
1451 1125 1826 1176 comoedIarum
1869 1124 2178 1175 emendatio·

275 1209 384 1243 nem
419 1203 470 1245 et
514 1193 816 1260 Amphitruo
861 1209 978 1244 cum
1015 1192 1238 1259 Captivis
1274 1192 1532 1243 literarum
1567 1192 1742 1244 formis
1779 1195 1880 1244 iam
1915 1199 2055 1244 erant
2091 1194 2179 1243 de·

275 1266 514 1329 scriptae,
571 1278 687 1314 cum
721 1277 907 1313 novum
942 1262 1328 1312 instrumentum
1365 1261 1589 1311 criticum
1628 1262 1782 1326 idque
1825 1262 2035 1313 maximi
2071 1277 2178 1313 mo·

279 1334 421 1382 menti
458 1348 524 1383 ex
559 1334 815 1397 insperato
847 1333 980 1383 dono
1017 1331 1206 1397 accepi.
1277 1327 1523 1380 Cinonvs
1558 1330 1692 1379 enim
1714 1330 1960 1382 Hunuvs
1989 1338 2178 1392 noster,

274 1402 412 1451 cuius
448 1402 588 1466 quod
625 1416 722 1467 ego
759 1415 960 1465 quoque
993 1400 1044 1450 in
1077 1414 1301 1450 amorem
1336 1398 1707 1462 amicitiamque
1739 1400 1947 1465 perveni
1983 1414 2183 1465 semper

277 1470 399 1519 inter
430 1470 802 1537 prosperrimus
841 1471 973 1537 vitae
1009 1482 1153 1519 meae
1188 1483 1338 1518 casus
1373 1468 1523 1529 duxi,
1561 1482 1675 1518 cum
1697 1466 1803 1518 fato
1826 1468 2008 1519 acerbo
2028 1468 2182 1531 (milii

278 1538 460 1588 scilicet
502 1541 712 1599 acerbo,
765 1537 839 1588 illi
888 1537 1094 1603 quidem
1137 1537 1305 1588 hercle
1342 1536 1726 1603 exoptatissimo
1762 1552 1822 1588 ac
1857 1551 2020 1603 paene
2053 1537 2182 1587 invi·

276 1606 464 1673 dendo)
499 1623 565 1658 ex
600 1607 697 1657 bac
739 1614 873 1657 terra
914 1609 1136 1670 itemque
1172 1606 1356 1657 vicinia
1390 1621 1503 1657 mea
1534 1613 1739 1657 avectus
1773 1607 1827 1657 in
1858 1607 2037 1657 itinere
2072 1604 2180 1657 Mo·

278 1676 485 1728 nachino
529 1677 662 1727 forte
694 1674 898 1726 fortuna
929 1678 1178 1727 Amorne
1214 1673 1670 1726 Scnwmnrmo
1703 1676 1862 1726 veteri
1897 1677 2060 1726 amico
2096 1691 2181 1726 oc·

277 1746 536 1807 currisset,
589 1759 741 1808 quem
789 1745 910 1794 olim
953 1746 1017 1796 de
1053 1745 1250 1797 edendo
1281 1742 1460 1795 Plauto
1509 1743 1761 1810 cogitasse
1797 1752 1846 1794 et
1878 1742 2034 1795 libros
2072 1746 2182 1794 eius

275 1815 484 1878 scriptos
534 1813 808 1864 contulisse
850 1814 1064 1874 sciebat,
1116 1812 1268 1864 simul
1302 1819 1453 1877 atque
1487 1811 1628 1862 illum
1658 1812 1756 1864 hoc
1786 1813 2052 1864 consilium
2088 1814 2182 1864 du·

277 1883 394 1933 dum
428 1883 675 1933 abiecisse
710 1883 980 1947 comperit,
1019 1883 1134 1934 ilico
1166 1896 1394 1932 meorum
1426 1881 1710 1949 studiorum
1734 1896 1926 1931 memor
1948 1883 2183 1947 precibus

276 1952 338 2000 ab
381 1952 544 2002 amico
584 1953 871 2017 impetravit
916 1959 972 2001 ut
1012 1952 1057 2001 is
1091 1950 1341 2015 quidquid
1375 1950 1649 2015 adparatus
1684 1949 1843 2000 critici
1878 1949 2183 2016 conlegisset

275 2035 385 2069 sese
429 2020 553 2070 mihi
604 2034 961 2071 concessurum
1006 2035 1121 2070 esse
1166 2019 1498 2085 promitteret.
1554 2019 1694 2082 quod
1715 2019 1937 2083 rquidem
1968 2019 2184 2084 promis·

277 2104 385 2139 sum
421 2090 498 2140 vir
531 2090 998 2154 praestantissimus
1032 2104 1193 2154 nuper
1229 2088 1439 2139 exolvit:
1495 2088 1627 2138 dono
1662 2090 1794 2138 enim
1831 2087 1956 2139 mihi
1988 2088 2179 2138 Vratis·

279 2159 406 2208 ,avia
442 2158 528 2208 ubi
561 2172 695 2208 nunc
727 2158 867 2222 degit
900 2159 1115 2207 tramisit
1150 2157 1433 2222 exemplum
1472 2171 1621 2206 suum
1660 2157 1895 2207 editionis
1933 2156 2183 2207 Amstelo-

280 2228 527 2277 flamensis
562 2227 679 2277 anni
714 2240 987 2287 nuccxn,
1026 2228 1170 2276 cuius
1209 2226 1426 2291 margini
1449 2240 1550 2274 non
1577 2225 1741 2276 solum
1770 2227 1821 2275 iu
1845 2226 2076 2277 omnibus
2107 2225 2184 2276 fa-

281 2296 404 2346 bulis
421 2296 622 2346 Veteris
642 2293 842 2346 Codicis
864 2293 1231 2345 Cusanum
1249 2295 1344 2344 sed
1366 2295 1517 2344 etiam
1542 2294 1593 2343 in
1616 2293 1905 2345 Trinummo
1927 2293 2183 2345 Pseudulo

279 2364 580 2415 Mostellaria
610 2364 726 2415 libri
747 2365 1069 2415 Ambrosiani
1092 2364 1437 2429 discrepantes
1460 2363 1735 2427 scripturas
1759 2362 2045 2414 admirabili
2070 2362 2183 2414 dili-

278 2435 445 2499 gentia
467 2448 598 2483 anno
623 2431 957 2484 nncccxxxv
985 2447 1015 2483 a
1042 2446 1100 2482 se
1122 2433 1314 2483 Romae
1337 2438 1387 2481 ct
1411 2430 1684 2482 Mediolani
1701 2439 1963 2498 excerptas
1981 2431 2181 2481 nitidis-

277 2502 399 2552 sime
459 2504 787 2568 ascripserat:
856 2517 945 2567 pro
994 2517 1094 2565 qua
1140 2501 1387 2567 singulari
1433 2498 1783 2551 benevolentia
1832 2502 1938 2552 viro
1992 2501 2182 2565 optimo

280 2578 438 2622 tantas
480 2578 696 2634 quantas
732 2573 981 2621 maximas
1024 2570 1223 2619 animus
1264 2584 1408 2619 meus
1447 2584 1626 2635 capere
1656 2575 1825 2636 potest
1857 2570 2045 2636 gratias
2084 2581 2182 2633 age

280 2656 436 2704 eoque
468 2639 723 2690 lubentius
757 2654 857 2703 quo
888 2639 1044 2689 hodie
1074 2639 1265 2688 rariora
1296 2639 1405 2687 eius
1438 2638 1577 2688 modi
1596 2639 1883 2689 testimonia
1901 2650 2185 2704 propensae

278 2709 326 2758 in
367 2708 584 2759 aliorum
619 2709 790 2759 studia
826 2707 1096 2759 voluntatis
1132 2720 1248 2758 esse
1280 2705 1459 2757 solent.
1511 2706 1646 2757 hunc
1679 2708 1832 2773 igitur
1866 2708 2184 2770 adparatum,

277 2785 330 2826 ut
373 2793 530 2843 supra
571 2778 707 2837 dixi,
752 2785 860 2827 tum
905 2777 1106 2827 demum
1152 2775 1325 2840 accepi
1377 2790 1492 2825 cum
1527 2775 1660 2826 duae
1694 2775 1810 2826 illae
1847 2774 2047 2825 fabulae
2084 2773 2184 2823 iam

279 2844 529 2896 literarum
567 2847 744 2897 formis
781 2846 1060 2912 descriptae
1098 2852 1267 2905 erant,
1306 2859 1407 2908 quo
1442 2844 1632 2894 factum
1666 2851 1743 2893 est
1779 2849 1835 2892 ut
1867 2843 1919 2893 in
1954 2841 2035 2892 his
2058 2856 2186 2907 pau-

277 2929 358 2963 cas
392 2923 588 2966 tautum
625 2915 1002 2966 emendationes
1037 2928 1165 2977 quas
1202 2929 1336 2964 nova
1368 2913 1455 2963 illa
1479 2913 1655 2977 optimi
1680 2910 1795 2961 libri
1823 2912 2035 2962 conlatio
2061 2925 2181 2977 sup·

277 2985 546 3048 peditaret,
605 2990 846 3048 quantum
890 2985 1000 3034 sine
1048 2986 1238 3032 maiore
1285 2995 1551 3047 operarum
1586 2980 1815 3030 molestia
1850 2980 1958 3031 fleri
1989 2987 2186 3046 posset,

278 3060 452 3115 postea
496 3053 792 3103 inserendas
836 3067 1012 3102 curare
1053 3051 1178 3102 mihi
1210 3051 1382 3100 liceret
1413 3048 1579 3112 (velut
1616 3050 1879 3116 egregium
1912 3050 2039 3100 illud
2068 3063 2186 3098 con-

270 3121 364 3183 flat
395 3120 581 3185 Amph.
618 3137 667 3172 v.
707 3119 811 3174 234
842 3136 934 3186 pro
971 3137 1031 3171 eo
1067 3120 1204 3184 quod
1232 3119 1409 3168 relicui
1428 3118 1542 3167 libri
1562 3116 1801 3169 exhibent
1816 3118 2038 3178 constat)
2057 3117 2187 3167 alias

278 3188 405 3240 infra
441 3190 695 3241 addituro.
737 3191 788 3239 in
824 3190 1054 3240 Rudente
1087 3197 1256 3239 autem
1290 3185 1436 3250 (nam
1469 3188 1538 3238 ad
1567 3186 1777 3238 Mllitem
1803 3195 1851 3237 et
1870 3188 1934 3238 ad
1952 3187 2184 3236 Trinum-

280 3272 412 3308 mum
472 3271 580 3308 ‘ru
626 3259 728 3309 iam
773 3259 928 3309 editio
981 3259 1255 3323 scripturas
1301 3255 1501 3306 Veteris
1550 3254 1750 3307 Codicis
1805 3255 2185 3305 accuratissime

274 3334 536 3392 excerptas
571 3327 870 3392 exhibebat)
905 3334 961 3377 ut
991 3327 1140 3392 plene
1172 3325 1312 3375 illum
1348 3324 1643 3389 adparatum
1676 3331 1725 3373 et
1758 3323 1890 3375 iuste
1922 3324 1988 3373 ad
2025 3337 2186 3386 expo·

278 3395 442 3446 lienda
479 3396 635 3446 verba
679 3405 860 3461 poetae
909 3395 1151 3447 adhibere
1184 3407 1392 3459 possem
1426 3408 1486 3443 eo
1522 3392 1753 3444 effectum
1790 3400 1866 3442 est
1906 3392 2040 3455 quod
2076 3391 2184 3438 siu·

277 3463 423 3528 gulae
467 3462 622 3515 huius
676 3464 914 3515 editionis
949 3464 1185 3531 plagulae
1218 3461 1388 3528 Lipsia
1426 3460 1755 3527 corrigendae
1786 3459 1886 3510 huc
1920 3457 2047 3509 mihi
2082 3464 2181 3505 tra-,-
