2584 3834
462 218 643 269 XXIIII
1121 216 1434 268 EPISTVLA
1470 216 1719 267 CRITICA

462 372 676 421 duarum
728 384 897 419 rerum
946 369 1103 420 altera
1139 369 1265 419 haec
1304 376 1379 419 est
1415 368 1551 432 quod
1588 383 1668 416 me
1702 383 1803 418 non
1839 369 2061 433 paenitet
2097 385 2144 419 v.
2169 366 2269 420 187
2309 385 2372 421 ex

462 438 779 488 Ambrosiani
817 439 1063 503 scriptura
1099 451 1293 489 rems-m
1333 445 1381 486 et
1415 437 1715 486 relicnorum
1750 436 1991 488 librorum
2025 453 2088 491 ne
2115 453 2228 488 esse
2251 438 2372 487 effe-

458 509 594 557 cisse
629 523 691 556 ne
721 508 767 555 is
802 523 858 558 se
896 507 1034 569 quod
1068 507 1422 557 Fan-zscnrvs
1458 520 1661 568 quoque
1688 506 1907 570 pervidit
1933 507 2170 570 quodque
2197 521 2372 556 verum

457 591 577 626 esse
614 591 678 625 ne
713 588 785 624 ἰν
823 576 1025 638 quidem
1060 574 1213 624 hodie
1249 575 1431 639 opinor
1464 574 1700 639 negabis:
1739 573 1897 624 altera
1924 577 2064 639 quod
2095 589 2227 624 nunc
2248 574 2373 625 mihi

462 660 560 694 non
609 652 743 693 recte
792 643 974 693 fecisse
1017 644 1194 693 videor
1244 643 1381 706 quod
1428 658 1542 692 eum
1586 657 1790 692 versum
1825 644 1911 706 qui
1947 645 1999 693 in
2035 645 2371 693 Ambrosiano

458 716 592 763 inter
639 707 826 763 v.185
863 719 913 760 et
951 708 1051 763 186
1086 713 1270 776 legitur
1312 724 1383 760 'ru
1430 718 1703 775 praeeunte
1738 711 1918 761 delevi.
1970 720 2047 761 est
2086 719 2253 761 autem
2289 711 2373 761 hic

460 792 2105 834 raoFsscwonrmsonoouAunmessuronnoassnuwuauummnu
2141 795 2290 843 quem
2327 781 2373 829 is

464 851 550 913 qui
592 864 726 898 nune
774 845 875 900 186
924 856 1002 897 est
1047 850 1234 913 excipit
1279 849 1333 897 in
1377 848 1519 897 libris
1567 849 1642 897 sic
1687 848 1793 898 fere
1830 850 2046 927 scriptus
2082 849 2373 914 Earumque

454 926 619 967 artem
653 926 705 967 et
738 918 1047 980 disciplinam
1081 920 1303 980 optineat
1341 918 1554 966 colerem
1600 916 1717 980 (ant
1755 911 1993 999 colorem)
2126 926 2178 968 et
2211 933 2373 983 quem-

457 987 731 1037 admodum.
782 987 846 1035 de
893 987 1076 1050 quibus
1125 986 1323 1034 duobus
1358 986 1590 1035 versibus
1624 999 1698 1033 ἰν
1735 987 1804 1035 ita
1839 987 2047 1036 sensisti
2071 980 2373 1052 ‘pinguissi-

462 1070 598 1104 mum
633 1056 1127 1120 interpretamentum
1163 1055 1215 1103 in
1249 1054 1405 1103 verba
1438 1060 1619 1119 poetae
1655 1054 1917 1120 irrepsisse
1954 1055 2107 1117 idque
2131 1055 2232 1105 tale
2248 1070 2375 1117 pro-

455 1126 591 1188 fecto
630 1130 685 1173 ut
729 1138 792 1173 ne
839 1138 1087 1203 quoquam·
1136 1123 1200 1171 de
1248 1124 1442 1186 inpenio
1496 1124 1747 1172 mulierum
1798 1124 2127 1205 deprediatur
2177 1138 2373 1173 earum-

456 1209 644 1257 que...
683 1206 784 1242 una
822 1191 1189 1241 constructione
1226 1190 1571 1255 conglutinata
1598 1192 1856 1256 scriptoris
1877 1201 1925 1243 et
1951 1193 2237 1259 interpretis
2259 1206 2371 1240 ora-

458 1250 628 1320 tione’‚
669 1275 700 1309 a
730 1269 885 1326 poeta
921 1268 1090 1309 antem
1121 1258 1258 1309 hunc
1290 1273 1447 1308 unum
1476 1274 1680 1309 versum
1705 1260 1988 1325 profectum
2018 1275 2131 1311 esse
2162 1259 2239 1309 Ne
2255 1259 2374 1310 Iter-
2407 1250 2418 1263 ⁹

455 1332 535 1379 cle
578 1344 784 1393 usquam
829 1336 987 1378 artem
1032 1336 1083 1378 et
1117 1327 1428 1390 disciplinam
1461 1329 1714 1390 apstineat
1745 1330 1927 1378 colere.
1981 1329 2093 1378 PE.
2131 1328 2355 1390 Quemad

453 1398 685 1449 modum?
735 1406 786 1448 at
821 1398 1054 1460 quamvis
1090 1396 1438 1446 lubentissime
1472 1408 1578 1444 'rim
1616 1394 1803 1460 largiar
1836 1395 1993 1446 altera
2028 1412 2093 1446 ex
2127 1396 2208 1445 his
2247 1398 2374 1447 dua-

461 1470 556 1519 bus
605 1466 866 1517 sententiis
899 1481 961 1515 ne
997 1465 1060 1514 de
1096 1464 1290 1528 ingenio
1329 1463 1656 1526 degrediatur
1689 1464 1916 1513 muliebri
1950 1472 1999 1514 et
2034 1471 2089 1514 ut
2122 1466 2374 1515 mulierum

452 1545 620 1586 artem
664 1542 715 1584 et
765 1534 1073 1597 disciplinam
1115 1530 1334 1581 obtineat
1375 1532 1539 1581 colere
1585 1531 1733 1580 facile
1781 1533 1939 1581 careri
1974 1538 2150 1595 posse‘,
2201 1540 2371 1584 tamen

461 1618 638 1654 versus
685 1602 821 1652 illius
856 1604 909 1652 in
944 1600 1053 1650 solo
1090 1600 1426 1650 Ambrosiano
1463 1600 1650 1650 servati
1685 1599 1866 1663 (modo
1903 1608 2037 1651 reete
2075 1602 2372 1653 emendatus

456 1673 553 1736 sit)
589 1672 784 1720 numeri
827 1678 933 1720 tam
970 1669 1090 1719 boni
1123 1675 1241 1718 sunt
1276 1676 1333 1717 ut
1370 1683 1486 1717 enm
1521 1667 1865 1733 interpolatori
1900 1670 2132 1732 quamvis
2169 1679 2371 1721 vetusto

460 1740 782 1790 tribuendum
817 1753 932 1787 esse
982 1738 1069 1788 vix
1102 1737 1327 1787 adducar
1359 1744 1415 1785 ut
1450 1736 1667 1787 credam.
1716 1746 1824 1787 tum
1862 1752 1978 1787 vero
2014 1737 2209 1800 aliquid
2241 1740 2374 1789 inter

460 1817 724 1871 utramque
760 1807 1062 1857 sententiam
1094 1806 1404 1856 intercedere
1435 1806 1737 1856 discriminis
1768 1808 1879 1871 ipse
1906 1821 2007 1856 non
2033 1807 2262 1872 negabis.
2288 1823 2371 1857 ac-

452 1878 593 1928 cedit
637 1876 777 1940 quod
821 1877 874 1926 in
919 1877 1018 1926 isto
1053 1889 1204 1926 versu
1239 1889 1390 1938 quem
1424 1887 1498 1923 ἰν
1530 1875 1749 1939 posuisti
1785 1882 1942 1925 arcem
1976 1883 2028 1925 et
2060 1876 2372 1939 disciplinam

454 1947 615 1997 verba
661 1946 812 1995 nimis
847 1945 982 1994 nude
1014 1945 1185 2009 posita
1221 1943 1482 1993 videntur:
1529 1957 1706 1992 servus
1742 1945 1875 1993 enim
1911 1945 1963 1993 ni
2001 1943 2149 1995 fallor
2182 1946 2371 1995 addere

458 2016 678 2066 debebat
714 2015 892 2063 cuins
927 2012 1009 2062 vel
1045 2010 1260 2073 qualis
1299 2025 1380 2060 ars
1416 2019 1464 2060 et
1488 2010 1753 2076 disciplina
1771 2011 2138 2062 Philocomasio
2159 2013 2372 2063 colenda

458 2090 625 2141 esset,
663 2096 766 2143 qua
803 2082 866 2131 de
902 2093 1059 2129 cansa
1092 2080 1217 2128 illud
1254 2094 1427 2128 earum
1461 2081 1495 2127 i.
1535 2095 1579 2128 e.
1616 2081 1867 2129 mulierum
1901 2081 2042 2130 initio
2078 2080 2229 2130 huius
2257 2097 2370 2131 ver-

458 2165 548 2201 sus
587 2150 930 2200 necessarium
962 2156 1103 2213 puto.
1144 2148 1402 2211 quaeritur
1436 2147 1590 2212 igitur
1620 2147 1719 2198 hoc
1752 2148 1919 2198 solnm
1953 2164 2052 2212 quo
2082 2150 2235 2199 modo
2258 2165 2371 2199 ver-

459 2233 548 2269 sus
585 2218 670 2267 ille
706 2233 773 2268 ex
808 2217 1143 2267 Ambrosiano
1181 2223 1355 2265 erutus
1392 2217 1653 2281 aptissime
1691 2225 1740 2266 et
1778 2217 2037 2268 lenissime
2071 2219 2366 2283 corrigatur.

453 2288 601 2351 atqui
650 2289 780 2337 bene
824 2287 959 2336 nosti
994 2300 1147 2349 quam
1184 2299 1340 2350 saepe
1375 2286 1427 2335 in
1463 2284 1603 2335 libris
1637 2285 1880 2336 Plautinis
1915 2285 2218 2336 adfirmandi
2250 2301 2368 2351 par-

459 2356 641 2406 ticulae
658 2356 789 2405 inter
805 2369 863 2404 se
878 2361 1193 2419 permutatae
1210 2355 1312 2403 sint
1331 2351 1425 2418 (cf.
1448 2352 1550 2403 Mil.
1570 2350 1706 2404 1270
1724 2353 1902 2405 Bacch.
1918 2352 2019 2405 595
2040 2352 2193 2404 Stich
2206 2352 2364 2419 243):

457 2427 576 2474 nino
625 2424 796 2473 nescio
843 2438 906 2472 an
946 2422 1067 2472 huic
1097 2423 1267 2472 versui
1302 2423 1439 2472 idem
1474 2421 1815 2473 adhibendum
1853 2424 1920 2472 sit
1951 2423 2230 2473 remedium
2266 2439 2367 2486 quo

456 2494 608 2542 huius
657 2491 858 2542 fabulae
892 2506 1096 2542 versum
1128 2488 1234 2542 290
1270 2491 1417 2541 aliter
1450 2504 1510 2540 ac
1547 2504 1619 2540 vv
1655 2499 1706 2540 et
1739 2491 1893 2556 paulo
1928 2492 2141 2556 propius
2175 2499 2298 2555 puto
2338 2508 2369 2541 a

454 2561 696 2612 librorum
743 2562 990 2625 scriptura
1035 2560 1342 2619 instauravi,
1391 2568 1448 2609 ut
1485 2574 1578 2625 pro
1619 2562 1854 2624 profecto
1890 2561 2139 2610 scribatur
2169 2560 2369 2610 hercle.-

456 2631 598 2693 quod
632 2630 677 2679 si
713 2628 895 2678 fecerIs
929 2629 1052 2679 nihil
1078 2627 1308 2709 profecto
1339 2628 1669 2678 desiderabis.
1707 2628 1863 2678 altero
1886 2636 2053 2678 autem
2072 2642 2222 2678 versu
2241 2628 2366 2677 nihil

457 2697 755 2748 mutandum
793 2711 973 2747 censeo
1011 2697 1113 2747 nisi
1145 2704 1202 2745 ut
1237 2696 1449 2747 alterum
1485 2703 1559 2756 et,
1599 2697 1737 2759 quod
1773 2698 1874 2745 iam
1910 2688 2108 2760 pridem
2146 2696 2366 2746 editores

372 2782 387 2795 ·
456 2768 717 2827 viderunt,
758 2767 984 2816 deleatur
1019 2772 1068 2816 et
1103 2766 1243 2827 quod
1278 2779 1352 2814 ἰν
1386 2765 1654 2830 repperisti
1686 2780 1777 2829 pro
1804 2766 2015 2815 colerem
2044 2772 2130 2814 aut
2154 2766 2368 2815 colorem

455 2845 730 2900 reponatur
775 2837 971 2895 colere,
1021 2834 1159 2898 quod
1201 2842 1471 2896 utrumque
1521 2832 1857 2916 fragminibus
1898 2831 2050 2883 huius
2098 2847 2276 2884 versus
2315 2835 2366 2883 in

456 2904 791 2953 Ambrosiano
827 2902 1184 2969 superstitibus
1218 2902 1552 2952 confirmatur.
1592 2909 1644 2952 at
1669 2892 1780 2952 ‘ita’
1802 2901 1970 2963 inquis
1989 2894 2234 2964 optinere
2253 2918 2345 2953 ver

456 2973 578 3021 bum
624 2974 1008 3022 constructionis
1051 2972 1180 3020 ratio
1216 2961 1440 3036 respuit.
1495 2985 1597 3021 non
1632 2970 1797 3021 habeo
1835 2969 2041 3032 quidem
2077 2970 2365 3035 exemplum

455 3055 556 3101 quo
591 3043 816 3102 optinere
851 3040 1093 3090 infinitivo
1129 3039 1354 3089 iunctum
1372 3041 1653 3122 probetur,
1704 3039 1799 3088 sed
1834 3052 1949 3087 eum
1981 3045 2134 3103 poeta
2172 3037 2315 3090 Cure.
2343 3039 2366 3087 1

453 3106 488 3159 3
522 3105 593 3159 24
629 3123 729 3157 non
769 3110 959 3158 veritus
1007 3108 1072 3161 sit
1119 3107 1284 3157 dicere
1318 3110 1384 3158 mi
1416 3110 1701 3171 apstineant
1732 3107 1983 3167 inuidere,
2034 3123 2116 3157 me
2150 3123 2252 3157 non
2287 3108 2365 3155 in-

454 3176 694 3241 tellegere
743 3176 908 3227 fateor
941 3192 1032 3226 cur
1072 3176 1250 3225 eadem
1287 3177 1655 3226 constructione
1690 3191 1791 3226 non
1827 3176 2047 3240 potuerit
2082 3177 2157 3225 uti
2191 3177 2244 3225 in
2277 3188 2365 3237 op-

455 3245 644 3296 tinendi
674 3247 847 3295 verbo.
887 3245 1013 3294 illud
1049 3251 1216 3294 autem
1254 3253 1311 3295 uc
1342 3252 1498 3296 artem
1532 3246 1753 3307 optineat
1780 3245 1945 3293 colere
1970 3243 2092 3293 nihil
2120 3244 2259 3293 aliud
2290 3251 2366 3292 est

453 3329 605 3377 quam
653 3321 708 3363 uc
741 3321 1043 3377 perseueret
1076 3316 1127 3363 in
1162 3315 1373 3364 colenda
1409 3321 1537 3363 arte.
1584 3328 1758 3362 versus
1794 3313 1948 3377 igitur
1985 3309 2086 3363 180
2122 3312 2234 3362 loeo
2269 3311 2366 3361 hos

453 3385 586 3432 duos
622 3383 801 3432 vellem
836 3383 887 3432 in
925 3383 1167 3432 orationis
1204 3383 1530 3433 continuitate
1568 3382 1823 3431 dedissem
