2584 3834
467 221 649 272 XXIIII
1126 220 1440 272 EPISTVLA
1475 219 1725 271 CRITICA

468 375 682 424 duarum
733 387 901 422 rerum
951 372 1108 423 altera
1144 372 1271 422 haec
1309 379 1385 422 est
1421 372 1557 435 quod
1593 386 1673 419 me
1708 387 1807 422 non
1844 373 2066 437 paenitet
2102 389 2150 423 v.
2177 369 2275 424 187
2315 390 2378 424 ex

468 442 784 491 Ambrosiani
822 443 1069 507 scriptura
1104 454 1300 492 amem
1338 448 1386 490 et
1420 440 1719 490 relicuorum
1755 440 1997 491 librorum
2030 456 2093 495 ne
2121 456 2232 492 esse
2256 441 2378 491 effe-

464 512 599 561 cisse
634 526 697 560 ne
726 511 773 559 is
807 526 863 561 se
901 510 1039 573 quod
1073 510 1428 560 Fnrmscfflvs
1464 523 1666 571 quoque
1694 508 1912 574 pervidit
1938 510 2177 574 quodque
2202 525 2379 560 verum

463 594 582 629 esse
620 595 682 628 ne
718 593 790 627 ἰν
828 579 1030 641 quidem
1065 577 1218 628 bodie
1254 579 1437 642 opinor
1469 577 1706 643 negabis:
1744 577 1902 627 altera
1930 580 2069 641 quod
2100 593 2233 628 nunc
2253 578 2378 629 mihi

467 663 566 697 non
614 655 749 696 recte
797 646 979 697 fecisse
1023 648 1199 696 videor
1249 647 1385 709 quod
1434 661 1548 696 eum
1592 660 1795 695 versum
1829 648 1917 709 qui
1952 649 2004 697 in
2041 648 2376 698 Ambrosiano

464 720 597 766 inter
645 711 832 766 ν.185
868 722 918 764 et
955 712 1056 766 186
1092 715 1274 779 legitur
1317 727 1389 763 τις
1435 722 1709 778 praeeunte
1743 715 1923 765 delevi.
1976 724 2053 766 est
2090 723 2258 765 autem
2294 716 2378 765 hic

465 795 2110 837 PnoFBo'rou'rNBthQUAMDRINGBmonnoussnuoetmntrmssnm
2146 799 2296 847 quem
2333 785 2378 833 is

469 855 555 916 qui·
597 867 731 902 nunc
780 848 880 903 186
929 858 1006 901 est
1052 853 1239 916 excipit
1285 852 1338 900 in
1382 852 1525 901 libris
1572 853 1647 900 sic
1693 852 1798 902 iere
1836 854 2051 931 scriptus
2087 852 2378 917 Earumque

460 928 625 970 artem
658 929 710 970 et
743 921 1052 983 disciplinam
1086 922 1308 983 optineat
1347 922 1560 970 colerem
1606 919 1722 984 (aut
1761 915 1998 986 colorem)
2131 929 2183 972 et
2216 937 2377 986 quem-

462 990 736 1041 admodum.
787 990 851 1039 de
898 989 1080 1052 quibus
1130 989 1329 1038 duobus
1364 990 1596 1039 versibus
1630 1002 1703 1037 ‘rv
1738 991 1809 1039 ita
1844 991 2051 1040 sensisti
2076 984 2377 1055 pinguissi-

467 1073 604 1108 mum
638 1060 1132 1123 interpretamentum
1168 1059 1219 1106 in
1253 1057 1410 1107 verba
1444 1064 1624 1122 poetae
1659 1057 1923 1123 irrepsisse
1959 1059 2111 1121 idque
2136 1059 2236 1108 tale
2253 1073 2379 1120 pro-

460 1129 596 1192 fecto
635 1134 690 1176 ut
734 1141 797 1176 ne
843 1141 1085 1192 quoquam
1141 1126 1205 1175 de
1252 1127 1448 1190 ingenio
1501 1127 1752 1175 mulierum
1803 1128 2131 1210 degrediatur
2181 1142 2378 1176 earum-

462 1212 614 1261 que..
636 1231 649 1244 .
688 1210 788 1245 una
827 1195 1194 1245 constructione
1231 1194 1576 1259 conglutianta
1604 1195 1861 1259 scriptoris
1882 1204 1930 1247 et
1956 1196 2242 1262 interpretis
2264 1209 2375 1243 ora·
2412 1254 2422 1264 ·

463 1253 633 1324 tione’‚
674 1278 704 1312 a
735 1272 890 1329 poeta
925 1272 1093 1313 antem
1127 1262 1262 1313 hunc
1296 1277 1452 1311 unum
1482 1277 1685 1313 versum
1711 1263 1993 1328 profectum
2023 1279 2136 1315 esse
2167 1263 2245 1313 Ne
2260 1263 2378 1313 lter-

462 1336 539 1383 cle
583 1348 788 1397 usquam
834 1340 991 1383 artem
1037 1339 1087 1382 et
1122 1331 1431 1393 disciplinam
1467 1333 1718 1392 apstineat
1751 1334 1931 1382 colere.
1986 1332 2098 1381 PE.
2136 1332 2358 1394 Quemad

460 1402 690 1452 modum?
739 1410 790 1452 at
826 1402 1059 1464 quamvis
1095 1400 1443 1449 lubentissime
1477 1411 1584 1448 ἰἰιιι
1621 1398 1808 1463 largiar
1841 1399 1997 1450 altera
2033 1416 2097 1450 ex
2132 1400 2213 1449 his
2253 1401 2378 1451 dua-

467 1473 561 1522 bus
609 1470 870 1520 sententiis
904 1485 966 1519 ne
1002 1469 1065 1518 de
1100 1468 1296 1531 ingenio
1333 1467 1661 1530 ἀερνεάἰαιιιν
1694 1467 1920 1533 muliebri
1954 1475 2004 1517 et
2038 1474 2094 1518 ut
2127 1470 2377 1518 mulierum

457 1548 624 1589 artem
668 1546 720 1588 et
769 1538 1078 1600 disciplinam
1119 1534 1338 1585 obtineat
1379 1535 1544 1585 colere
1590 1534 1738 1583 facile
1785 1537 1943 1584 careii
1979 1551 2155 1599 posse,
2207 1544 2374 1587 tamen

466 1621 643 1657 versus
690 1606 825 1655 illius
860 1607 911 1655 in
948 1604 1057 1654 solo
1094 1604 1431 1653 Ambrosiano
1467 1603 1655 1653 servati
1690 1602 1870 1666 (modo
1907 1612 2042 1655 reete
2079 1605 2375 1656 emendatus

464 1676 558 1739 sit)
594 1675 789 1723 numeri
831 1681 936 1723 tam
972 1672 1094 1723 boui
1127 1679 1245 1721 sunt
1280 1678 1338 1720 ut
1374 1686 1491 1720 eum
1525 1671 1870 1737 interpolatori
1905 1673 2137 1735 quamvis
2174 1681 2374 1725 vetusto

464 1744 786 1793 tribuendum
821 1756 936 1791 esse
986 1742 1073 1792 vix
1105 1739 1332 1790 adducar
1364 1748 1419 1789 ut
1454 1739 1671 1790 credam.
1722 1749 1829 1790 tum
1866 1756 1982 1791 vero
2019 1741 2213 1805 aliquid
2246 1743 2377 1793 inter

464 1820 728 1874 utramque
765 1810 1066 1861 sententiam
1099 1809 1408 1859 intercedere
1439 1809 1742 1859 discriminis
1773 1811 1883 1874 ipse
1910 1825 2012 1860 non
2038 1810 2267 1876 negabis.
2292 1827 2375 1860 ac-

458 1881 597 1931 cedit
641 1878 780 1942 quod
825 1881 879 1930 in
924 1880 1022 1929 isto
1055 1893 1208 1929 versu
1244 1893 1394 1941 quem
1428 1890 1502 1926 ἰν
1535 1879 1753 1942 posuisti
1789 1885 1946 1928 artem
1980 1886 2032 1929 et
2064 1879 2375 1943 disciplinam

460 1950 620 2000 verba
665 1949 816 1998 nimis
851 1948 987 1999 nude
1020 1948 1189 2013 posita
1225 1947 1486 1996 videntur:
1534 1959 1710 1996 servus
1746 1948 1880 1996 enim
1915 1948 1967 1996 ni
2005 1947 2153 1998 fallor
2186 1950 2374 1998 addere

462 2019 681 2069 debebat
718 2017 896 2066 cuius
930 2015 1014 2066 vel
1050 2013 1263 2077 qualis
1303 2028 1385 2064 ars
1420 2022 1469 2063 et
1492 2013 1757 2079 disciplina
1775 2015 2143 2067 Philocomasio
2164 2017 2375 2066 colenda

462 2093 628 2144 esset,
667 2099 770 2146 qua
806 2084 871 2134 de
907 2097 1064 2132 causa
1096 2083 1221 2149 illud
1258 2098 1431 2132 earum
1466 2084 1499 2131 i.
1539 2098 1583 2131 e.
1620 2085 1871 2133 nuclierum
1905 2084 2047 2134 initio
2083 2084 2234 2134 huius
2262 2101 2373 2135 ver-

462 2169 553 2203 sus
591 2153 933 2202 necessarium
967 2159 1108 2216 puto.
1148 2151 1406 2214 quaeritur
1440 2151 1594 2216 igitur
1625 2150 1722 2202 hoe
1756 2151 1923 2202 solum
1957 2167 2057 2215 quo
2087 2153 2239 2203 modo
2262 2169 2374 2203 ver·

463 2236 553 2273 sus
588 2221 674 2271 ille
711 2236 777 2270 ex
812 2220 1148 2270 Ambrosiano
1185 2226 1360 2268 erutus
1396 2220 1657 2284 aptissime
1695 2228 1746 2269 et
1782 2221 2041 2271 lenissime
2075 2222 2370 2287 corrigatur.

459 2292 605 2354 atqui
655 2291 784 2340 bene
827 2290 964 2339 nosti
999 2303 1152 2351 quam
1188 2302 1345 2353 saepe
1378 2289 1431 2338 in
1466 2288 1608 2339 libris
1640 2288 1885 2339 Plautinis
1919 2289 2222 2340 adfirmandi
2255 2304 2372 2354 par-

464 2359 646 2409 ticulae
661 2359 792 2407 inter
809 2372 867 2407 se
885 2364 1197 2423 permutatae
1214 2358 1316 2406 sint
1335 2356 1430 2422 (cf.
1452 2355 1554 2406 Mil.
1575 2354 1710 2408 1270
1728 2357 1907 2408 Bacch.
1922 2356 2024 2410 595
2045 2356 2197 2408 Stich.
2211 2355 2368 2422 243):

440 2429 580 2489 ,nino
629 2427 799 2476 nescio
847 2442 911 2475 an
951 2425 1070 2476 huic
1102 2426 1271 2475 versui
1307 2426 1443 2475 idem
1479 2424 1820 2476 adhibendum
1858 2427 1924 2476 sit
1956 2427 2234 2477 remedium
2270 2443 2371 2490 quo

461 2496 613 2545 huius
661 2495 862 2545 fabulae
896 2508 1100 2546 versum
1132 2492 1238 2546 290
1275 2494 1421 2545 aliter
1454 2506 1515 2544 ac
1551 2507 1623 2543 ‘rv
1659 2503 1709 2544 et
1744 2495 1898 2560 paulo
1933 2496 2145 2560 propius
2179 2502 2302 2560 puto
2342 2511 2373 2545 a

458 2564 700 2615 librorum
747 2565 995 2629 scriptura
1040 2563 1347 2623 instauravi,
1395 2570 1452 2613 ut
1490 2577 1583 2628 pro
1624 2565 1859 2628 profecto
1894 2564 2144 2614 scribatur
2174 2564 2266 2614 ker
2266 2566 2374 2614 cle

461 2634 602 2697 quod
636 2633 681 2682 si
717 2632 898 2682 feceris
933 2632 1057 2682 nihil
1083 2630 1311 2713 profecto
1343 2632 1673 2681 desiderabis.
1711 2632 1867 2682 altero
1889 2640 2058 2682 autem
2077 2646 2227 2682 versu
2246 2632 2371 2682 nihil

461 2700 759 2751 mutandum
796 2714 978 2751 censeo
1015 2701 1115 2751 nisi
1150 2707 1208 2749 ut
1241 2701 1454 2750 alterum
1489 2707 1564 2760 et,
1603 2701 1742 2763 quod
1777 2702 1881 2750 iam
1914 2694 2113 2765 pridem
2151 2700 2371 2749 editores

376 2786 391 2799 ·
460 2772 721 2830 viderunt,
762 2770 989 2820 deleatur
1023 2776 1072 2819 et
1108 2769 1247 2831 quod
1282 2782 1357 2817 ‘tv
1390 2769 1657 2834 repperisti
1690 2783 1782 2833 pro
1808 2770 2020 2819 colerem
2048 2776 2135 2818 aut
2159 2770 2372 2818 colorem

460 2848 734 2904 reponatur
779 2840 975 2899 colere,
1025 2837 1163 2901 quod
1205 2845 1474 2900 utrumque
1525 2836 1861 2920 fragminibus
1903 2835 2054 2887 huius
2102 2851 2281 2887 versus
2319 2839 2369 2886 in

460 2907 794 2957 Ambrosiano
830 2907 1187 2990 superstitibus
1222 2905 1556 2955 confirmatur.
1596 2913 1648 2956 at
1673 2896 1784 2956 ita’
1808 2906 1975 2968 inquis
1994 2899 2239 2969 ‘optinere
2257 2922 2349 2956 ver

460 2977 582 3025 bum
629 2977 1012 3026 constructionis
1057 2975 1184 3025 ratio
1220 2965 1445 3039 respuit'.
1500 2989 1601 3025 non
1637 2973 1801 3025 habeo
1840 2974 2045 3037 quidem
2081 2974 2370 3039 exemplum

459 3059 560 3105 quo
595 3046 820 3105 optinere
854 3044 1098 3094 infinitivo
1134 3043 1358 3092 iunctum
1393 3044 1658 3109 probetur,
1709 3043 1802 3092 sed
1839 3056 1954 3091 eum
1986 3049 2138 3108 poeta
2176 3041 2319 3094 Curc.
2347 3043 2370 3090 1

457 3109 492 3163 3
526 3109 597 3163 24
633 3127 733 3162 non
773 3114 963 3162 veritus
1011 3113 1076 3162 sit
1123 3111 1288 3161 dicere
1323 3114 1388 3162 mi
1420 3114 1706 3174 apstineant
1737 3111 1988 3172 inuidere,
2039 3127 2121 3161 me
2156 3126 2257 3161 non
2291 3113 2370 3159 in-

458 3180 698 3245 tellegere
746 3180 911 3230 fateor
945 3196 1035 3229 cur
1075 3181 1254 3230 eadem
1290 3181 1660 3230 constructione
1694 3195 1795 3230 non
1831 3181 2051 3245 potuerit
2086 3181 2160 3230 uti
2196 3181 2247 3228 in
2281 3193 2370 3241 op·

460 3250 648 3299 tinendi
678 3250 851 3300 verbo.
889 3248 1016 3298 illud
1052 3256 1221 3298 autem
1257 3256 1315 3298 ut
1346 3257 1502 3299 artem
1536 3251 1758 3311 optineat
1785 3249 1950 3298 colere
1975 3247 2098 3298 nihil
2125 3248 2263 3298 aliud
2294 3256 2371 3296 est

458 3333 609 3381 quam
657 3326 711 3366 ut
744 3324 1047 3380 perseueret
1079 3320 1131 3367 in
1166 3319 1377 3368 colenda
1413 3324 1541 3367 arte.
1588 3332 1762 3367 versus
1799 3317 1953 3382 igitur
1990 3313 2090 3367 186
2125 3316 2238 3366 loco
2274 3315 2371 3365 hos

458 3388 590 3436 duos
624 3386 803 3436 vellem
839 3387 890 3436 in
928 3387 1170 3436 orationis
1208 3388 1535 3437 continuitate
1572 3385 1827 3435 dedissem
