2584 3834
362 199 446 247 1111
987 193 1329 267 „EPISTVLA
1364 193 1609 245 cameri

360 349 635 415 exemplari
682 348 906 413 pendere
954 347 1065 411 ipse
1109 361 1208 395 non
1245 346 1517 406 mirabere,
1571 359 1686 396 cum
1723 343 1849 394 bene
1889 345 2020 395 scias
2059 357 2146 394 eas
2181 359 2254 394 ra-

362 420 521 469 tiones
555 416 918 481 emendationis
949 414 1211 464 Plautinae
1246 429 1374 477 quas
1402 427 1478 463 ‘rv
1507 415 1557 463 in
1583 412 1961 478 Prolegomenis
1984 412 2260 462 Trinummi

360 486 545 536 eximia
589 492 696 535 arte
741 483 1023 549 exposuisti
1064 483 1191 532 adeo
1230 481 1353 532 mihi
1387 482 1625 546 probatas
1662 495 1775 531 esse
1809 489 1862 531 ut
1895 482 2119 546 exceptis
2155 483 2259 531 sin-

358 554 490 620 gulis
526 554 833 617 quibusdam
876 551 999 601 locis
1035 549 1183 615 plane
1220 561 1331 600 'rm
1370 550 1640 601 adsentiar.
1690 547 1786 598 hos
1822 557 1990 600 autem
2024 549 2162 598 locos
2197 549 2259 599 de

359 623 544 685 quibus
586 621 711 671 mihi
754 620 900 670 aliter
942 618 1259 668 sentiendum
1309 617 1507 668 videtur
1544 617 1750 668 uberius
1796 625 1883 667 aut
1929 617 2137 668 tractavi
2173 625 2259 666 aut

357 689 652 755 propediem
685 689 905 739 tractabo
935 687 1121 752 partim
1156 687 1208 736 in
1242 700 1456 736 censura
1487 685 1650 736 Plauti
1681 697 1775 735 'rvr
1810 700 1960 748 quam
1983 700 2064 735 me
2087 685 2257 735 Anna·

358 759 488 810 libus
533 757 854 824 philologieis
898 769 929 804 a
976 754 1171 805 Rama.
1229 754 1467 805 lino-ruo
1510 763 1559 804 et
1605 754 1738 804 ἢν».
1772 752 2063 807 Βιιιτεσιιιο
2109 754 2258 803 editis

357 827 658 876 inserturum
709 840 824 875 esse
870 823 1121 889 promisi,‘
1158 823 1341 887 partim
1387 823 1440 872 in
1482 821 1737 872 Analectis
1769 820 2013 872 Plautinis
2046 836 2259 884 quorum

356 894 547 958 aliquot
582 909 714 945 nova
751 893 918 957 capita
952 893 1003 941 in
1026 891 1174 940 Fam.
1203 888 1355 942 Gvu..
1384 892 1541 941 nostri
1564 889 1970 943 Scunnmawmr
1995 888 2256 955 Philologo

355 963 493 1012 brevi
539 970 595 1012 ut
630 977 777 1028 spero
813 968 1039 1026 tempore
1076 959 1210 1009 foras
1245 959 1402 1010 dabo:
1449 974 1514 1009 ex
1548 959 1732 1023 quibus
1767 959 1902 1009 locis-
1926 960 2013 1021 qui
2052 958 2253 1008 omnino

355 1031 503 1096 pauci
547 1038 663 1081 sunt
709 1031 755 1080 si
798 1027 923 1078 mihi
968 1028 1186 1078 fortasse
1231 1028 1497 1093 contigerit
1536 1036 1591 1078 ut
1633 1027 1696 1077 de
1733 1042 1831 1077 uno
1869 1033 1918 1077 et
1950 1027 2105 1076 altero
2144 1039 2257 1077 'rim

356 1113 520 1149 meam
556 1098 971 1162 qualemcumque
995 1095 1292 1146 sententiam
1314 1095 1648 1155 persuadeam
1672 1095 1993 1147 vehementer
2014 1094 2254 1145 laetabor.

353 1174 616 1233 praeterea
650 1174 819 1217 autem
856 1167 909 1215 in
938 1164 1227 1215 Trinummo
1261 1164 1671 1231 recognoscenda
1698 1178 1797 1214 non
1824 1164 2140 1215 mediocriter
2167 1163 2257 1212 ad·

355 1237 489 1285 intus
507 1249 621 1286 sum
642 1235 715 1286 eis
735 1250 866 1299 quae
881 1240 999 1300 post
1023 1246 1174 1285 mvn
1193 1248 1399 1299 operam
1417 1232 1620 1283 Taso».
1633 1231 1910 1283 Baaemvs
1924 1240 1975 1282 et
1992 1231 2255 1282 Emmv.

352 1305 705 1355 mezscmvs
740 1303 791 1354 in
827 1302 1330 1354 commentationibus
1364 1316 1491 1365 quas
1528 1301 1777 1352 indicibus
1812 1300 2092 1352 scholarum
2127 1298 2258 1350 Mar-

353 1373 683 1438 burgensium
725 1379 774 1422 et
823 1370 1262 1423 Rostoehiensium
1309 1369 1526 1434 proximi
1570 1369 1827 1419 semestris
1868 1369 2064 1418 hiberni
2111 1383 2253 1432 prae-

354 1442 622 1501 miserunt,
678 1440 761 1491 ille
791 1441 942 1491 etiam
975 1440 1028 1488 in
1059 1438 1261 1488 Diurnis
1297 1437 1590 1500 antiquariis
1624 1451 1654 1486 a
1689 1451 1745 1487 se
1779 1444 1829 1487 et
1862 1438 1973 1487 Ivr..
2012 1434 2254 1487 clasma

353 1510 502 1560 editis
552 1509 670 1558 anni
715 1520 1144 1558 mcccxxxxvm
1175 1521 1226 1571 p.
1251 1503 1388 1557 1124
1419 1520 1531 1570 sqq.
1571 1505 1634 1555 de
1671 1505 1838 1555 multis
1878 1505 2110 1557 versibus
2147 1505 2255 1554 eius

354 1577 556 1628 fabulae
588 1575 847 1643 praeclare
878 1577 1215 1640 disputarunt.

488 1645 664 1711 Longe
712 1645 869 1711 igitur
914 1645 1014 1695 alia
1057 1645 1251 1694 ratione
1299 1641 1424 1693 mihi
1458 1643 1509 1692 in
1544 1642 1857 1709 expoliendis
1890 1643 2256 1709 Amphitruone

353 1714 574 1779 Captivis
598 1713 829 1763 Rudente
854 1712 1093 1763 utendum
1117 1711 1241 1762 fuit:
1279 1711 1409 1762 haec
1432 1713 1565 1761 enim
1590 1713 1911 1772 comoediae,
1950 1726 2256 1776 quamquam

348 1784 543 1848 priores
588 1782 808 1833 editores
859 1781 1019 1832 mtdta
1061 1780 1114 1830 in
1156 1781 1230 1830 eis
1266 1781 1545 1845 scripturae
1579 1780 1853 1831 tralaticiae
1888 1782 2007 1832 vitia
2044 1776 2258 1831 feliciter

349 1849 656 1901 sustulerant
692 1856 742 1900 et
776 1857 864 1899 aut
896 1863 972 1901 mv
1007 1856 1094 1899 aut
1128 1847 1257 1899 Gon.
1291 1848 1629 1899 Haamnvs
1666 1857 1751 1899 aut
1788 1849 1902 1900 Rio.
1940 1849 2255 1901 Bssnwmvs

348 1926 435 1968 aut
470 1918 557 1970 alti
587 1919 725 1969 nand
754 1919 932 1984 paucis
954 1917 1185 1967 versibus
1208 1924 1430 1968 veterem
1454 1917 1665 1967 nitorem
1689 1917 2021 1968 reddideratis
2035 1952 2051 1978 ,
2087 1925 2256 1967 tamen

347 1987 582 2038 sordibus
617 1986 987 2052 depravationis
1020 2000 1148 2048 quas
1177 1999 1271 2051 per
1300 1984 1617 2035 saeculorum
1653 1986 1918 2036 decursum
1950 1986 2101 2036 verba
2130 2000 2255 2051 poe·

348 2064 429 2106 tae
464 2061 716 2105 traxerant
751 2054 973 2105 nondum
1009 2055 1080 2103 ita
1114 2061 1253 2104 erant
1287 2061 1625 2119 perpurgatae
1660 2055 1781 2117 quin
1809 2054 1932 2105 mihi
1961 2054 2085 2104 satis
2112 2052 2253 2119 larga

349 2124 755 2174 emendationum
790 2124 971 2173 messis
1005 2121 1297 2187 peragenda
1330 2130 1571 2173 restaret:
1628 2137 1731 2186 qua
1773 2138 1887 2173 mea
1933 2121 2098 2189 opella
2133 2137 2252 2172 num

352 2191 579 2245 effectum
633 2192 700 2241 sit
751 2198 807 2242 ut
849 2204 937 2241 eas
987 2190 1275 2241 comoedias
1311 2191 1384 2240 ita
1419 2189 1750 2242 instaurarem
1787 2198 1842 2241 ut
1877 2191 1986 2241 sine
2022 2191 2255 2258 graviore

347 2260 528 2311 saltem
563 2258 843 2310 offensione
877 2258 981 2326 legi
1015 2266 1253 2324 possent,
1290 2273 1450 2322 penes
1485 2272 1587 2320 τις,
1621 2259 1912 2311 Fumantes
1938 2259 2251 2318 Rsrscmt,

347 2336 640 2392 ceterosque
689 2342 883 2394 paucos
936 2327 1112 2377 harum
1159 2341 1328 2378 rerum
1374 2329 1566 2393 peritos
1607 2329 1976 2380 existimatores
2009 2328 2254 2379 iudicium

305 2410 309 2414 ’
347 2405 472 2447 esto.
514 2395 747 2463 supellex
779 2404 947 2447 autem
980 2396 1154 2445 critica
1187 2411 1253 2446 ex
1297 2395 1437 2446 libris
1472 2397 1671 2461 scriptis
1707 2398 1866 2461 petita
1898 2395 2021 2447 mihi
2056 2404 2255 2462 praeter

347 2481 459 2514 eam
492 2467 638 2515 cuius
669 2466 838 2516 aditus
876 2466 1108 2515 omnibus
1140 2470 1307 2530 patet,
1344 2463 1394 2513 h.
1424 2480 1468 2515 e.
1513 2466 1851 2531 discrepantes
1884 2466 2157 2530 scripturas
2193 2465 2254 2513 li-

345 2535 550 2583 brorum
580 2533 922 2584 Palatinorum
957 2548 988 2583 a
1018 2534 1169 2583 Pan..
1205 2533 1382 2583 Panno
1419 2533 1472 2583 in
1506 2533 1726 2584 editione
1759 2549 1854 2585 sua
1885 2533 2044 2584 altera
2080 2540 2253 2583 enota-

347 2611 427 2652 tas
458 2609 510 2651 et
542 2603 839 2668 adparatum
873 2616 904 2651 a
935 2601 1083 2653 Fam.
1120 2601 1479 2652 Latonium
1515 2601 1583 2651 ad
1615 2601 2031 2668 Amphitruonem
2054 2598 2102 2650 et
2122 2599 2253 2666 Cap-

346 2672 504 2731 ιίνοε,
559 2686 591 2721 a
626 2669 680 2722 G.
719 2670 776 2721 E.
814 2669 947 2720 Can.
988 2668 1338 2721 Sennmnao
1376 2670 1442 2720 ad
1473 2669 1756 2721 Rudentem
1789 2678 2086 2737 congestum
2118 2669 2251 2718 nulla

344 2747 450 2788 erat
480 2747 682 2804 praesto
718 2747 826 2789 tum
856 2738 1062 2803 quidem
1097 2754 1211 2790 cum
1247 2739 1301 2789 in
1336 2739 1541 2805 negotio
1578 2741 1731 2790 verba
1762 2746 1943 2805 poetae
1967 2737 2252 2803 corrigendi

344 2808 599 2860 versabar.
637 2809 915 2859 editionum
947 2814 1173 2858 veterum
1210 2814 1413 2872 praeter
1445 2806 1817 2860 Lnnmumm
1842 2807 2032 2858 nullam
2056 2807 2123 2857 ad
2145 2808 2252 2857 ina·

342 2889 438 2925 nus
475 2875 631 2926 habui
666 2892 831 2941 neque
869 2892 936 2927 ex
968 2876 1328 2926 recentioribus
1352 2876 1597 2942 quasdam
1622 2892 1748 2940 quas
1773 2891 1925 2942 aegre
1950 2876 2249 2935 desideravi,

341 2944 479 2994 velut
517 2941 733 2996 (ἔνηφι
768 2952 819 2994 et
863 2945 1079 3011 primam
1113 2944 1338 3006 Bonan,
1384 2944 1502 2995 ullis
1539 2944 1785 2998 machinis
1822 2945 2045 2995 nancisci
2078 2945 2247 3009 potui:

342 3009 666 3077 Captivorum
716 3013 963 3064 editiones
1012 3014 1074 3063 ab
1121 3013 1408 3064 Avsszmuo
1453 3022 1503 3064 et
1545 3029 1577 3066 a
1616 3013 1860 3067 Bossan
1896 3021 2095 3064 curatas
2128 3011 2250 3064 mihi

339 3080 559 3145 benigne
602 3082 940 3133 commodavit
980 3083 1140 3139 Fam.
1184 3079 1386 3134 Osmm
1435 3081 1725 3133 liberalitas.
1783 3081 1884 3132 illis
1931 3081 2086 3148 igitur
2121 3095 2250 3145 quae

338 3147 587 3199 habebam
623 3150 868 3200 subsidiis
905 3150 1091 3202 criticis
1128 3164 1189 3200 ea
1223 3164 1324 3214 qua
1353 3165 1449 3216 par
1484 3160 1591 3201 erat
1624 3150 1889 3217 diligentia
1911 3151 1963 3200 in
1984 3144 2135 3200 usum
2160 3164 2250 3199 vo-

341 3218 464 3267 catis
500 3217 552 3268 id
584 3217 909 3284 potissimum
936 3219 1028 3285 ‘egi
1064 3224 1118 3267 ut
1152 3227 1398 3284 perpetuo
1433 3228 1664 3286 respectu
1695 3218 1869 3270 habito
1904 3233 2078 3271 aarum
2103 3226 2247 3281 quat-

339 3292 453 3335 tuor
486 3299 655 3337 rerum
687 3300 900 3351 quarum
934 3287 1272 3338 observationi
1310 3301 1387 3340 'rv
1417 3288 1468 3338 in
1501 3287 1815 3354 praefatione
1839 3286 2011 3338 Militis
2039 3285 2250 3353 gloriosi

336 3369 387 3419 p.
414 3367 509 3406 xxr
543 3369 740 3406 summo
777 3357 886 3406 iure
914 3356 1188 3425 plurimum
1223 3356 1275 3407 in
1301 3356 1417 3408 crisi
1439 3355 1670 3410 Plautina
1692 3355 1937 3415 tribuisti,
1976 3370 2106 3419 quae
2130 3364 2249 3405 sunt

341 3423 620 3492 'integritas
643 3424 847 3492 linguae
867 3423 1076 3476 Latinae
1095 3423 1404 3476 concinnitas
1424 3440 1743 3476 numerorum
1762 3424 2038 3476 sententiae
2058 3423 2247 3473 sanitas
