2584 3834
406 209 517 259 vm
1068 210 1380 261 EPISTVLA
1418 210 1667 261 CRch

402 361 653 412 obstetrix
688 363 932 414 suadente
969 362 1053 412 illo
1088 377 1238 412 versu
1269 363 1329 414 V.
1356 362 1408 414 C.
1430 365 1724 414 auctoritate
1760 371 1809 413 et
1827 364 2062 431 analogia
2079 366 2313 418 restittit

404 438 454 479 et
499 431 696 499 ἰηειὶιρν
738 432 1022 491 nominum,
1071 439 1126 480 et.
1165 431 1213 480 in
1263 433 1472 482 dilectus
1514 429 1807 484 Rud.1279
1842 447 1931 497 pro
1969 433 2187 486 delectus
2212 435 2307 498 (cf.

403 499 532 548 Fest.
554 498 698 549 Pauli
731 514 782 564 p.
805 496 838 551 7
839 497 875 550 3
902 515 1016 550 eum
1038 498 1327 551 Mvssnmnu
1350 501 1726 563 adnotatione):
1765 515 1795 551 ο
1822 516 1912 565 pro
1933 517 1961 551 e
1979 503 2310 566 praecedente

402 584 435 616 u
469 575 774 621 consonante
806 568 857 616 iu
893 582 1045 618 uorro
1081 575 1225 619 uorto
1251 575 1422 619 uester·
1449 576 1568 619 uoto
1593 584 1706 619 cum
1736 583 1830 619 sua
1852 570 2030 620 subole
2052 578 2106 620 ut
2124 586 2309 623 euorro

400 650 648 687 comcorro
695 643 872 687 auor-to
919 643 1155 687 reum-tow·
1200 637 1469 688 aduersum
1504 652 1755 700 peruorse
1789 639 2056 690 uniuersus
2093 648 2141 689 et
2178 656 2307 702 quae

397 711 516 753 sunt
547 704 755 764 similia,
791 720 891 767 quo
929 705 980 754 iu
1016 720 1201 771 genere
1232 720 1347 756 sero
1381 706 1712 757 animadverti
1732 706 1894 757 levem
1918 708 2303 760 inconstantiam

401 793 552 842 quam
600 793 671 829 'rs
717 786 991 845 praeeunte
1037 779 1243 830 admisi:
1300 792 1417 829 nam
1448 780 1582 829 Trin.
1605 776 1707 832 707
1742 794 1959 836 uorsus
2002 797 2093 846 pro
2128 798 2308 834 uersus

397 858 551 906 etiam
596 858 706 908 sine
750 857 891 908 libris
933 858 1253 908 scribendum
1298 859 1458 910 fuisse
1504 858 1628 908 mihi
1677 860 1925 910 concedes
1969 860 2013 910 si
2066 860 2304 927 relegeris

398 935 674 994 Quinctil.1
708 933 741 988 7
777 935 844 987 25
868 933 952 1002 *):
987 944 1249 1002 praeterea
1284 928 1769 987 controuersiast
1803 938 1926 988 mihi
1959 940 2303 1004 reponendum

398 1027 503 1069 erat
539 1020 669 1070 Rud.
690 1017 824 1080 826,
862 1019 1045 1086 Amph.
1065 1017 1171 1073 326
1203 1009 1557 1072 interuolli:
1599 1035 1659 1070 oe
1697 1021 1877 1087 scripsi
1908 1037 2001 1086 pro
2030 1039 2058 1073 e
2083 1023 2132 1073 iu
2158 1021 2304 1074 oboe-
2395 1081 2405 1090 ¹

388 1095 508 1149 dio.-
562 1103 732 1145 contra
773 1095 958 1160 faenus
1012 1108 1103 1159 pro
1153 1095 1306 1160 fenus
1338 1094 1419 1145 vel
1464 1095 1674 1158 foenus.-
1724 1101 1774 1143 at
1826 1095 2009 1145 iniuria
2054 1097 2303 1159 praelium

318 1220 324 1225 .
396 1172 576 1237 scripsi
611 1187 702 1237 pro
737 1161 1045 1242 proelium
1083 1174 1220 1236 quod
1255 1173 1540 1223 restitutum
1572 1172 1723 1223 velim
1750 1170 1936 1238 Amph.
1952 1171 2053 1224 225
2078 1169 2181 1224 255
2197 1170 2301 1223 415

394 1243 501 1296 744
537 1243 769 1311 eapt.6o
800 1246 931 1298 Rud.
955 1244 1115 1298 1154:
1164 1263 1198 1296 u
1233 1261 1327 1312 pro
1362 1261 1390 1296 e
1426 1252 1711 1297 constanter
1746 1248 1944 1298 servavi
1979 1247 2031 1297 in
2068 1248 2300 1297 omnibus

390 1316 657 1379 gerundiis
695 1322 744 1365 et
786 1316 1080 1381 gerundivis
1125 1317 1302 1365 tertiae
1337 1329 1488 1376 quam
1522 1321 1699 1364 vocant
1734 1323 1781 1363 et
1819 1322 2025 1378 quartae
2061 1316 2301 1380 coniuga-

396 1384 546 1433 tionis
589 1391 642 1433 ut
684 1385 917 1449 ayundae
966 1384 1151 1434 edundi
1193 1383 1454 1432 dicundum
1494 1383 1832 1448 quaerundum
1859 1384 2095 1448 fuqz‘undi
2124 1399 2301 1434 conue-

396 1453 605 1504 niundus
655 1451 888 1516 (minime
937 1460 1106 1502 autem
1157 1452 1383 1515 gentium
1429 1451 1481 1500 in
1524 1450 1734 1501 uidundt‘
1774 1465 1925 1514 quam
1974 1451 2187 1502 formam
2236 1453 2298 1501 ab

396 1521 625 1572 oscitanti
669 1522 869 1571 librario
909 1520 1095 1585 Amph.
1135 1515 1238 1570 638
1283 1518 1449 1569 fictam
1493 1517 1588 1568 fuit
1629 1519 1717 1581 qui
1759 1534 1856 1568 non
1913 1527 2296 1585 aspernaretur:

394 1608 614 1649 ceterum
646 1598 748 1649 Mil.
770 1594 842 1650 34
873 1586 1460 1669 perhauriundumst
1491 1597 1812 1647 scribendum
1836 1605 1941 1648 erat
1965 1607 2015 1648 et.
2035 1598 2176 1648 Trin.
2190 1595 2297 1650 867

392 1672 739 1733 sistuntlae:
782 1689 955 1732 contra
995 1696 1096 1731 non
1144 1679 1309 1730 ausim
1352 1679 1455 1730 Mil.
1477 1677 1615 1732 1276
1646 1681 1935 1733 metuendus
1980 1680 2296 1744 restituere):

392 1773 420 1807 e
452 1772 543 1822 pro
591 1757 612 1805 ἰ
643 1757 695 1805 iu
737 1758 963 1821 incelleyo
1010 1763 1058 1805 et
1104 1756 1308 1820 neyleqo
1353 1767 1487 1818 qnae
1531 1753 1723 1806 formae
1777 1770 1876 1804 non
1926 1763 2116 1805 tantum
2160 1756 2301 1821 apud

391 1825 622 1876 Plautum
667 1824 760 1875 sed
805 1826 942 1889 apud
977 1839 1152 1874 omnes
1187 1822 1393 1873 Latinos
1429 1822 1697 1888 scriptores
1733 1825 1872 1874 solae
1905 1823 2058 1874 fldem
2091 1824 2297 1882 habent,

390 1896 441 1944 in
476 1893 635 1944 Altus
671 1908 761 1958 pro
797 1895 947 1944 Alius
983 1893 1149 1958 (quod
1182 1907 1246 1941 ex
1279 1882 1472 1947 Ἀλεῖος
1506 1891 1675 1941 fictum
1710 1899 1789 1941 est
1820 1899 1875 1941 ut
1909 1892 2199 1955 Philippeus
2235 1907 2298 1942 ex

385 1959 749 2025 Φιλίππειος,
780 1964 960 2025 platea
995 1977 1061 2011 ex
1095 1959 1356 2025 πλατεῖα,
1389 1974 1689 2025 qynaeceum
1724 1975 1789 2009 ex
1822 1963 2169 2025 γυναικεῖον,
2208 1960 2296 2010 ba-

385 2033 566 2082 lineum
619 2046 685 2081 ex
725 2027 1050 2098 βαλανεῖον,
1099 2028 1283 2080 chorea
1327 2043 1393 2077 ex
1434 2027 1681 2092 χορεία),
1734 2029 1782 2078 in
1828 2032 1982 2080 semul
2032 2044 2124 2094 pro
2157 2030 2298 2080 simul

386 2099 640 2163 (notanda
673 2100 824 2150 etiam
859 2099 1108 2164 scriptura
1140 2099 1203 2147 V.
1227 2095 1279 2146 Ο.
1311 2096 1627 2146 adsenuclabo
1662 2094 1816 2147 Stich.
1837 2095 1957 2162 84),
1993 2098 2208 2161 denique
2246 2099 2294 2146 iu

387 2169 566 2219 labeas
601 2183 692 2232 pro
725 2167 890 2218 labiae
926 2166 1080 2216 Stich.
1097 2162 1198 2219 721
1219 2164 1315 2231 (cf.
1335 2164 1462 2214 Non.
1491 2162 1681 2229 p.210‚
1720 2165 1854 2215 unde
1875 2166 2090 2218 fortasse
2108 2165 2213 2218 Mil.
2228 2162 2297 2216 93

390 2236 547 2288 ‘abeis
588 2236 950 2287 restituendum
987 2242 1090 2295 est,
1135 2234 1433 2300 praesertim
1466 2249 1578 2284 cum
1615 2231 1870 2285 Charisius
1903 2237 1925 2284 I
1961 2250 2013 2299 p.
2034 2231 2103 2286 79
2137 2234 2298 2284 labris

391 2305 441 2356 ‘tn
485 2305 583 2354 hoc
625 2320 774 2355 versu
819 2305 997 2370 legerit
1029 2305 1165 2367 quod
1200 2311 1358 2352 metro
1392 2301 1698 2368 respuitur)=
1745 2318 1779 2351 u
1808 2318 1900 2369 pro
1935 2304 1956 2353 i
1984 2304 2035 2353 in
2066 2303 2295 2369 superla-

391 2374 506 2424 tivis
540 2380 589 2423 et
625 2372 966 2425 numeralibus
1010 2381 1064 2422 ut
1101 2373 1330 2423 dec-uma
1364 2371 1669 2429 uicensunucs
1703 2379 2039 2423 centensunms
2074 2384 2123 2422 et
2156 2374 2296 2422 simi-

389 2443 522 2493 libus
574 2449 629 2491 ut
672 2444 926 2508 legitumus
967 2442 1252 2492 matitumus
1296 2442 1519 2490 lacruma
1556 2442 1766 2490 uictuma
1800 2448 2018 2491 aestumo
2053 2441 2293 2496 existumae

389 2510 621 2561 omnibus
672 2510 751 2576 (at
793 2526 892 2561 non
941 2511 992 2560 in
1028 2511 1250 2560 eaeumius
1286 2525 1439 2573 quam
1475 2509 1689 2559 formam
1725 2507 1878 2562 Stich.
1901 2505 1998 2562 381
2041 2510 2197 2559 errori
2235 2509 2293 2559 ii·

388 2580 669 2629 brariorum
708 2580 1026 2630 tribuendam
1077 2577 1254 2644 puto),
1302 2584 1563 2643 praeterea
1598 2578 1649 2627 iu
1682 2577 1816 2628 lubet
1853 2592 1964 2629 cum
2001 2578 2295 2629 conlubilum

389 2657 438 2698 et
468 2648 634 2699 lubido
670 2657 719 2698 et.
750 2649 938 2699 relicua
971 2647 1243 2714 progenie,
1293 2647 1345 2695 in
1377 2648 1579 2710 clupeus
1610 2648 1780 2698 cluens
1813 2654 1862 2697 et
1898 2647 2094 2696 cluenta
2130 2645 2292 2710 (unde

389 2728 539 2777 etiam
575 2715 945 2777 cluentelam
979 2727 1300 2779 scribendum
1332 2733 1437 2775 erat
1474 2725 1604 2776 Rud.
1624 2740 1731 2791 arg.
1752 2721 1815 2788 4)
1850 2726 2155 2788 mancupium
2183 2723 2293 2789 (me

386 2801 543 2851 invito
582 2801 713 2852 Rud.
733 2798 838 2853 930
864 2803 1115 2865 mancipia
1149 2799 1377 2851 relictum
1409 2799 1513 2863 est)
1547 2800 1803 2865 carnufex
1839 2813 1954 2849 cum
1987 2801 2294 2918 carnificina

384 2871 688 2934 manufestus
734 2872 980 2935 Sacrufico
1025 2870 1327 2934 maynuficus
1372 2866 1535 2931 (unde
1579 2869 1827 2931 pontufex
1861 2867 1994 2919 Rud.
2021 2864 2120 2919 137
2160 2904 2174 2928 ,
2208 2868 2294 2933 fu-

384 2940 598 3000 mufieem
633 2937 737 2989 Mil.
757 2936 888 2998 412,
933 2940 1181 3003 opuficina
1216 2933 1471 2992 Mi1.880‚
1508 2938 1834 3000 spureufieum
1867 2933 2157 2994 Tr1n 826,
2192 2953 2293 2985 mu-

384 3008 548 3071 nufica
582 3005 767 3071 Amph.
788 3003 918 3066 84⁶2,
966 3008 1246 3073 siynufleem
1279 3004 1411 3055 Rud.
1431 3001 1563 3065 896,
1598 3005 1887 3068 pac-:ficari
1919 3003 2072 3054 Stich.
2103 3001 2205 3056 517
2244 3015 2293 3054 et

383 3075 523 3138 quod
568 3075 874 3125 sescentiens
911 3075 1093 3143 legitur
1125 3075 1403 3137 ludificare
1435 3074 1727 3139 reponenda
1763 3073 2021 3137 videntur)
2054 3073 2293 3136 subrupio

389 3142 465 3194 vel
496 3145 733 3207 surrupio
767 3146 969 3206 oncupio
1005 3145 1182 3196 insulio
1215 3143 1445 3206 prosatio
1481 3141 1671 3192 desulio
1709 3140 1864 3206 (quas
1898 3143 2173 3207 scripturas
2211 3159 2292 3191 ra-

491 3353 537 3405 ’)
565 3352 722 3395 eadem
749 3353 972 3406 scriptura
1000 3363 1157 3393 uorsus
1185 3363 1289 3393 num
1319 3351 1452 3392 etiam
1480 3350 1639 3405 Amph.
1658 3352 1711 3394 55
1740 3355 1784 3393 et
1812 3351 1938 3406 Capt.
1956 3351 2009 3394 56
2038 3352 2293 3405 reponenda

379 3408 440 3448 sit
479 3406 681 3449 dubitare
721 3408 827 3449 ticet
865 3409 1048 3460 propter
1083 3409 1258 3459 tempus
1301 3416 1391 3457 quo
1434 3404 1515 3445 hos
1553 3406 1765 3458 proiogos
1792 3408 2064 3458 compositos
2093 3417 2196 3448 esse
2231 3414 2291 3451 tv

379 3461 600 3503 edocuisti
629 3463 851 3515 parergon
884 3461 973 3504 vol.
1001 3461 1015 3501 Ι
1046 3471 1074 3514 p
1105 3461 1186 3501 ‘232
1214 3470 1311 3511 σφι
1350 3457 1433 3501 sed
1462 3469 1544 3512 ego
1573 3459 1670 3501 illic
1698 3470 1876 3513 quoque
1905 3461 2207 3513 praetulerim.
