2584 3834
444 203 577 254 xnss
1103 202 1415 254 EPISTVLA
1453 202 1704 257 CRITIGA

529 357 642 416 Dic
686 354 901 434 modo,
958 354 1122 414 unde
1169 356 1417 415 auferre
1461 357 1555 415 uis
1602 356 1746 417 me?
1800 377 1835 416 a
1877 358 1996 435 quo
2030 358 2363 437 trapessita

1355 454 1608 533 petam?

444 560 547 602 toto
594 554 726 602 euim
772 551 910 601 caelo
958 566 988 599 a
1020 567 1137 601 vero
1175 550 1422 601 aberravit
1455 550 1831 601 KAuPnAnnvs
1867 551 1953 612 qui
1988 551 2051 599 de
2086 566 2263 617 praep.
2301 565 2358 602 ιΝ

445 637 551 670 usu·
579 622 741 671 Plaut.
796 635 846 684 p.
873 619 938 670 11
983 634 1060 682 sq.
1109 621 1327 684 primam
1375 620 1526 668 huius
1572 618 1805 669 vocabuli
1857 619 2102 685 syllabam
2146 621 2357 687 produci

442 705 596 755 posse
631 691 880 753 opinatur.
920 688 1013 737 sed
1049 688 1199 739 redeo
1237 689 1373 738 unde
1406 689 1568 752 abripi
1602 703 1681 737 me
1719 701 1903 753 passus
1941 702 2055 737 sum
2080 688 2282 755 longius
2312 697 2362 739 et

444 759 596 808 verbo
635 758 747 807 dico
784 756 847 807 de
880 756 1250 807 adsimilatione
1284 757 1718 829 praepositionum
1756 770 1872 807 cum
1905 758 2074 807 verbis
2113 763 2161 806 et
2196 759 2361 806 nomi-

443 828 592 876 nibus
624 825 1032 890 compositarum.
1085 826 1135 873 in
1171 841 1269 888 quo
1309 826 1514 889 quidem
1550 840 1733 890 genere
1771 825 1906 875 idem
1940 840 2036 890 ego
2073 826 2363 875 institutum

442 896 583 945 tenui
616 892 778 960 (certe
815 902 984 943 tenere
1020 893 1184 956 volui)
1222 895 1361 957 quoti
1393 894 1543 944 Paua.
1574 894 1894 944 Waennnvs
1930 894 1983 943 in
2007 892 2233 960 Vergilio
2260 910 2357 944 suo

442 964 509 1013 ad
558 964 821 1028 pristinam
868 961 1280 1028 orthographiam
1327 970 1560 1014 revocato
1610 978 1667 1013 se
1715 963 1942 1012 tenuisse
1979 961 2243 1027 professus
2280 971 2362 1012 est

442 1030 676 1096 Orthogr.
723 1030 915 1095 Vergil.
964 1045 1016 1096 p.
1039 1028 1142 1082 406
1179 1045 1281 1095 sq.:
1334 1032 1488 1081 libros
1530 1031 1686 1096 igitur
1732 1033 1918 1090 bonos,
1965 1031 2364 1081 Ambrosianum

441 1101 765 1166 potissimum
802 1105 851 1148 et
884 1099 1120 1150 Veterem
1160 1099 1421 1160 Codioem,
1462 1100 1615 1149 duces
1654 1101 1725 1149 ita
1755 1107 1959 1149 secutus
1983 1113 2097 1148 sum
2120 1107 2177 1149 ut
2203 1100 2255 1148 in
2277 1102 2358 1149 eis

440 1169 608 1219 verbis
657 1170 708 1218 in
753 1168 937 1232 quibus
982 1177 1267 1219 constanter
1312 1169 1496 1218 inflexa
1542 1175 1675 1218 esset
1720 1168 2027 1234 praepositio
2064 1169 2358 1217 retinuerim

438 1236 894 1297 adsimilationem‚
929 1238 1210 1303 respuerim
1244 1237 1455 1287 eandem
1493 1239 1545 1286 in
1572 1238 1719 1286 eisin
1743 1237 1928 1300 quibus
1951 1236 2356 1301 praepositiones

439 1308 664 1372 integras
714 1322 743 1356 a
780 1304 959 1355 Plauto
1003 1314 1226 1357 servatas
1275 1321 1388 1354 esse
1425 1306 1505 1355 vel
1538 1305 1768 1371 pluribus
1807 1305 2050 1370 exemplis
2084 1304 2167 1356 vel
2203 1306 2354 1354 etiam

443 1390 542 1425 uno
587 1377 713 1424 satis
747 1375 1000 1441 probabili
1034 1376 1341 1424 declaratum
1376 1375 1644 1424 videretur.
1681 1390 1780 1424 non
1820 1389 1948 1439 opus
1986 1380 2063 1422 est
2099 1379 2152 1421 ut
2187 1375 2358 1422 omnia

442 1445 645 1493 nomina
690 1459 750 1492 ac
781 1445 936 1492 verba
969 1458 1082 1492 cum
1115 1442 1577 1508 praepositionibus
1617 1445 1898 1509 composita
1932 1442 2014 1491 hic
2047 1454 2353 1501 enumerem,

440 1527 560 1562 nam
594 1514 639 1561 si
673 1520 806 1561 totus
840 1510 924 1560 hic
954 1511 1094 1560 locus
1129 1512 1194 1562 ad
1230 1511 1479 1574 liquidum
1510 1512 1722 1578 perduci
1752 1513 1953 1561 omnino
1991 1523 2229 1573 umquam
2256 1525 2356 1574 po·

441 1588 565 1640 test,
619 1578 717 1628 hoc
765 1589 869 1629 tum
919 1579 1122 1629 demum
1169 1580 1276 1629 fieri
1309 1583 1493 1645 poterit
1530 1595 1645 1629 cum
1682 1595 1856 1631 omnes
1892 1579 2186 1630 comoediae
2217 1594 2248 1627 a
2285 1596 2359 1632 ΤΒ

440 1647 753 1712 supellectile
801 1648 972 1697 critica
1018 1650 1290 1713 instructae
1336 1650 1386 1699 in
1420 1650 1680 1715 publicum
1712 1650 2017 1716 prodierint:
2065 1649 2161 1698 sed
2192 1662 2357 1712 pauca

437 1717 689 1780 quaedam
734 1730 866 1779 quae
910 1716 1011 1765 huc
1052 1718 1301 1783 pertinent
1342 1719 1629 1784 promiscue
1676 1720 1888 1784 attingo.
1942 1717 2014 1766 ad
2046 1717 2355 1782 praepositio

440 1800 641 1849 semper
688 1792 882 1836 mutata
937 1794 1012 1835 est
1067 1795 1181 1837 ante
1234 1795 1257 1836 t
1290 1795 1338 1837 et
1372 1802 1403 1837 r
1435 1788 1605 1837 literas
1646 1788 1779 1837 velut
1812 1788 1865 1836 in
1897 1787 2081 1836 attineo
2120 1786 2355 1835 attondeo

437 1855 646 1905 arrideo
694 1856 870 1919 arrigo
922 1856 1121 1918 arripio
1165 1856 1325 1920 (Rud.
1370 1864 1538 1905 tamen
1579 1853 1712 1906 1332
1751 1856 1965 1905 ducibus
2001 1854 2142 1904 libris
2176 1853 2359 1922 scripsi

444 1924 707 1988 adroget),
755 1924 875 1972 item
924 1926 975 1972 in
1002 1925 1197 1973 'accedo
1235 1925 1426 1985 accipio
1462 1938 1643 1972 accuso
1680 1925 1916 1984 appello:
1968 1937 2068 1972 non
2105 1923 2354 1973 debebam

436 2000 606 2040 autem
641 2006 868 2053 appareo
900 2005 1102 2041 servare
1134 1990 1319 2055 Amph.
1342 1987 1446 2041 793
1478 1987 1582 2041 794
1614 1989 1756 2055 Gapt.
1778 1986 1899 2050 457,
1938 1991 2057 2052 quia
2090 1989 2225 2040 Trin.
2250 1987 2356 2041 218

438 2060 490 2108 in
529 2059 864 2108 Ambrosiano
910 2065 1039 2107 teste
1087 2057 1543 2110 Scnwmzmuuo
1587 2060 1833 2124 scriptum
1880 2065 2017 2108 extat
2053 2071 2353 2118 munnam,

437 2142 600 2189 neque
634 2126 862 2177 accumbo
894 2126 975 2177 vel
1008 2127 1193 2177 accubo
1223 2126 1410 2193 Amph.
1432 2125 1536 2177 802
1560 2124 1666 2181 804
1691 2127 1793 2179 Mil.
1814 2123 1917 2177 653
1939 2124 2043 2178 753
2078 2127 2213 2176 Trin.
2231 2124 2352 2186 473,

437 2197 558 2258 quia
594 2196 730 2245 idem
761 2196 887 2245 liber
921 2196 1304 2259 antiquissimus
1341 2194 1495 2246 Stich.
1518 2193 1622 2246 488
1645 2209 1976 2251 anconam
2007 2202 2197 2244 tuetur:
2236 2210 2353 2244 ean-

441 2265 555 2313 dem
590 2264 820 2314 voculam
854 2271 1136 2322 constanter
1169 2263 1394 2315 truncavi
1431 2278 1547 2314 ante
1583 2281 1609 2314 s
1644 2265 1838 2313 literam
1873 2265 1959 2314 ubi
1992 2263 2123 2313 hanc
2147 2279 2247 2312 una
2277 2266 2355 2312 vel

436 2332 570 2388 dnae
603 2341 935 2382 consonantes
973 2333 1257 2397 excipiunt,
1294 2341 1346 2383 ut
1382 2337 1432 2382 in
1464 2344 1576 2383 asco
1612 2334 1829 2384 ascendo
1859 2334 2050 2396 aspicio
2076 2339 2124 2382 et
2150 2340 2353 2395 aspecto

435 2415 687 2462 aspernor
727 2403 987 2465 astringo:
1038 2416 1130 2450 con
1162 2403 1592 2467 praepositionem
1633 2417 1834 2466 semper
1869 2403 2115 2467 integram
2153 2401 2355 2451 servavi

436 2467 636 2532 praeter
666 2470 938 2520 commodus
975 2475 1024 2518 et
1061 2485 1320 2532 corrumpo
1358 2477 1406 2520 et
1440 2477 1641 2521 conecto
1677 2472 1869 2520 conitor
1905 2472 2102 2521 coniveo
2131 2485 2245 2519 cum
2281 2470 2352 2518 si-

439 2537 640 2586 milibus
677 2539 740 2587 de
759 2539 944 2600 quibus
964 2550 1036 2586 ‘rv
1053 2553 1215 2603 nuper
1235 2540 1517 2589 disseruisti
1538 2539 1589 2588 in
1606 2538 1734 2588 Mus.
1758 2538 1934 2604 philol.
1957 2539 2048 2588 VlI
2064 2537 2234 2603 p.318
2251 2552 2352 2600 sq..·

436 2621 509 2654 ea:¹
538 2614 652 2656 ante
681 2607 719 2670 f
746 2608 932 2670 ubique
968 2608 1159 2658 mutavi
1192 2608 1244 2656 in
1276 2622 1366 2658 ec:
1402 2609 1578 2659 eadem
1614 2609 1918 2672 praepositio
1947 2609 2034 2657 ubi
2056 2617 2171 2657 cum
2195 2606 2349 2659 verbo

438 2676 500 2723 ab
533 2691 559 2725 ε
594 2675 738 2724 litera
767 2675 1024 2741 incipienti
1061 2677 1343 2741 composita
1379 2683 1482 2735 est,
1522 2675 1651 2725 hanc
1684 2677 1865 2726 extrivi
1891 2675 2101 2725 velutin
2124 2689 2346 2738 eaeequor

435 2743 622 2807 exigno
666 2746 849 2795 exoluo
899 2759 1092 2809 exuryo
1139 2759 1366 2807 eaeupero
1416 2745 1625 2794 excribo
1662 2750 1899 2807 expecto:
1951 2744 2001 2792 in
2038 2756 2238 2806 semper
2273 2742 2350 2790 in-

436 2819 580 2875 tegra
625 2813 796 2863 relicta
850 2820 926 2863 est
977 2820 1176 2876 praeter
1224 2815 1409 2876 impero
1463 2814 1713 2875 imperium
1772 2814 1977 2874 impetro
2026 2809 2149 2875 (sed
2183 2812 2235 2859 in
2268 2809 2350 2859 his

435 2894 660 2942 quoque,
718 2889 773 2930 ut
809 2895 922 2933 sero
978 2881 1108 2939 vidi,
1164 2882 1360 2946 integra
1396 2881 1644 2930 servanda
1678 2879 1839 2948 erat):
1894 2880 1957 2930 ab
1997 2887 2045 2928 et
2078 2879 2137 2929 ob
2176 2880 2350 2929 et‘sub

433 2948 834 3011 praepositiones
868 2956 921 2996 ut
947 2956 1062 2997 ante
1087 2949 1126 3011 f
1151 2958 1510 3000 consonantem
1535 2956 1818 3001 constanter
1840 2949 2146 2998 inflecterem
2170 2948 2349 2999 sedulo

359 3022 365 3026 ’
433 3016 604 3064 curavi
634 3024 840 3080 propter
872 3017 1117 3066 rationem
1150 3016 1403 3085 Philologi
1437 3025 1555 3069 tom.
1587 3019 1673 3079 1111
1707 3033 1756 3083 p.
1778 3015 1881 3068 322
1914 3033 1944 3067 a
1980 3032 2059 3066 me
2095 3017 2350 3082 significa-

436 3093 563 3133 tam:
621 3085 800 3149 scripsi
852 3086 1007 3151 igitur
1055 3086 1239 3151 Amph.
1272 3085 1376 3137 322
1428 3088 1561 3151 afuit
1610 3085 1726 3151 (ubi
1771 3088 1832 3136 V.
1876 3085 2115 3151 Ostaffuit
2146 3084 2347 3150 habet),

432 3148 535 3203 646
571 3153 844 3216 offimnato,
898 3151 1003 3205 893
1038 3157 1205 3219 offuit,
1264 3155 1402 3207 1002
1439 3157 1649 3221 sufferet
1667 3193 1681 3216 ,
1741 3154 1881 3221 Capt.
1911 3153 2012 3206 755
2050 3156 2350 3221 offrenatum

432 3221 523 3284 (V.
549 3219 602 3270 C.
631 3222 993 3287 oferenatum),
1032 3223 1134 3274 Mil.
1155 3220 1260 3275 209
1288 3226 1505 3289 suffigit,
1547 3224 1679 3275 Rud.
1700 3220 1806 3276 588
1834 3225 2074 3288 suffudit,
2119 3220 2252 3275 1013
2270 3239 2302 3273 o
2329 3254 2350 3264 -

427 3290 646 3355 flectam,
692 3288 825 3345 1059
861 3293 1097 3358 suffffnyi
1124 3293 1214 3357 (V.
1242 3291 1294 3342 G.
1318 3294 1568 3359 subs'm‘nqi
1590 3309 1700 3344 raro
1726 3292 2013 3359 exemplo),
2051 3292 2092 3340 T
2093 3293 2187 3342 rin.
2216 3293 2236 3342 l
2314 3292 2348 3343 2

429 3357 641 3422 offusam
676 3367 725 3410 et
757 3363 833 3411 sic
867 3362 1072 3424 quidem
1106 3376 1309 3429 semper
1340 3363 1440 3414 nisi
1476 3362 1779 3414 contrarium
1813 3362 2027 3427 ascripsi
2051 3363 2347 3426 conspiran-

430 3427 563 3477 tibus
598 3430 799 3494 optimis
838 3431 992 3484 libris.
1033 3432 1296 3484 absolvero
1332 3431 1468 3484 hunc
1503 3431 1895 3498 orthographiae
1932 3431 1984 3481 in
2006 3430 2101 3480 hac
2126 3430 2348 3481 editione

2532 1097 2541 1125 a
2553 1098 2561 1129 a

2523 1145 2561 1198 llil

2525 1229 2560 1266 not
