2584 3834
412 1035 654 1104 ffllu
697 1035 867 1103 nvlv
868 1035 906 1103 S
949 1034 1259 1105 rum
1301 1033 1479 1102 mc
1521 1032 1691 1102 svm

125 1203 175 1255 V.
222 1207 254 1258 1
287 1206 357 1256 ad
391 1204 495 1258 152
527 1206 731 1257 iambici
763 1206 952 1257 senarii

146 1317 167 1329 ·
226 1287 328 1343 153
362 1290 430 1340 ad
466 1287 569 1342 158
603 1290 806 1340 iambici
840 1288 1083 1341 octonarii

153 1401 172 1412 ·
233 1370 335 1425 159
369 1374 720 1439 anapaesticus
756 1373 967 1424 dimeter
1005 1370 1307 1423 acatalectne

152 1481 171 1495 ·
233 1456 336 1510 160
371 1459 726 1523 anapaesticus
760 1464 1072 1508 monometer
1105 1456 1409 1508 acatalectus

152 1567 174 1580 ·
234 1539 335 1593 161
372 1549 423 1591 et
457 1539 559 1594 162
598 1542 906 1608 anapaestici
941 1541 1138 1592 dimetri
1171 1541 1433 1592 acatalecti

149 1651 170 1663 ·
230 1622 331 1678 163
365 1626 434 1676 ad
469 1623 572 1679 176
605 1626 860 1677 bacchiaci
892 1626 1169 1675 tetrametri
1205 1626 1464 1676 acatalecti
1498 1622 1631 1692 (167
1666 1623 1940 1690 insiticiuo)

151 1735 172 1746 -
231 1705 333 1761 177
366 1708 667 1760 bacchiacua
703 1711 915 1761 dimeter
948 1708 1251 1760 acatalectus

154 1817 174 1830 ·
236 1788 337 1844 178
370 1791 673 1842 bacchiacna
704 1799 991 1843 tetrameter
1024 1803 1326 1843 acatalecms

154 1903 173 1914 -
235 1873 335 1929 179
366 1875 669 1927 bacchiacns
704 1878 929 1927 trimeter
964 1876 1266 1929 acatalectun

153 1985 174 1998 ·
235 1958 336 2012 180
370 1960 438 2011 ad
470 1958 577 2013 218
610 1962 811 2011 iambici
843 1961 1085 2012 octonarii

152 2069 173 2081 ·
234 2040 337 2094 219
374 2043 443 2093 atl
475 2040 581 2095 236
616 2044 785 2093 cretici
813 2044 1088 2094 tetrametri
1122 2043 1384 2095 acatalecti

150 2117 175 2164 ·‘
228 2122 333 2178 237
366 2132 424 2175 nt
454 2125 655 2176 videtur
687 2134 950 2192 corruptus

152 2236 173 2247 -
233 2205 339 2260 238
375 2207 443 2258 ad
474 2206 579 2261 246
610 2209 780 2259 cretici
812 2211 1088 2260 tetrametri
1116 2210 1380 2263 acatalecti

151 2319 172 2330 -
233 2287 336 2343 247
372 2298 429 2340 ut
463 2291 661 2342 videtur
694 2299 956 2357 corruptus

147 2400 168 2411 ·
230 2371 335 2425 248
371 2374 438 2423 ad
467 2371 572 2426 262
604 2375 807 2424 iambici
842 2376 1083 2426 octonarii

148 2485 169 2496 -
230 2454 336 2509 263
372 2456 441 2507 ad
472 2454 579 2513 462
610 2457 849 2508 trochaici
883 2460 1154 2524 septenarii

150 2567 171 2578 -
233 2535 339 2590 463
375 2539 443 2588 ad
477 2535 584 2591 498
612 2540 814 2590 iambici
848 2542 1034 2592 senarii

151 2651 172 2661 -
232 2620 339 2675 499
371 2623 448 2673 ad·
474 2621 580 2675 550
607 2623 846 2674 trochaici
884 2626 1154 2692 septenarii

148 2734 170 2745 ·
232 2706 336 2759 551
373 2707 443 2757 ad
477 2704 582 2760 582
617 2707 871 2759 bacchiaci
905 2710 1179 2760 tetrametri
1209 2706 1474 2758 acatalecti

152 2819 173 2829 -
235 2789 341 2844 583
376 2791 444 2842 ad
478 2788 583 2844 632
617 2792 858 2843 trochaici
892 2793 1166 2859 septenarii

152 2902 172 2912 ·
234 2872 339 2928 633
372 2875 441 2925 ad
478 2873 583 2929 641
616 2875 874 2927 bacchiaci
904 2876 1185 2928 hexametri
1220 2875 1482 2927 acatalecti

151 2984 172 2996 ·
235 2956 339 3010 642
375 2958 441 3007 ad
475 2955 581 3011 652
609 2959 867 3010 bacchiaci
897 2962 1169 3011 tetrametri
1201 2960 1465 3012 acatalecti

153 3068 173 3080 ·
234 3037 338 3092 653
367 3039 671 3093 bacohiacua
703 3043 916 3095 dimeter
948 3043 1251 3095 acatalectns

152 3151 174 3164 ·
233 3122 340 3177 654
376 3125 443 3175 ad
478 3122 586 3179 860
617 3126 859 3178 trochaici
890 3130 1164 3194 septenarii

152 3238 172 3248 ·
230 3206 335 3261 861
371 3209 441 3260 ad
473 3206 577 3261 955
610 3211 814 3262 iambici
847 3213 1032 3262 senarii

155 3319 174 3329 ·
236 3290 342 3345 956
376 3293 444 3343 ad
476 3290 582 3346 973
617 3293 857 3345 trochaici
888 3297 1160 3361 septenarii

155 3403 169 3413 ·
238 3373 345 3429 974
378 3378 445 3428 ad
477 3372 583 3431 983
614 3379 817 3430 iambici
848 3380 1036 3429 senarii

154 3485 176 3499 ·
238 3457 344 3514 984
376 3462 444 3513 ad
478 3462 615 3515 1005
649 3464 850 3513 iambici
888 3462 1132 3514 octonarii
