2584 3834
369 204 438 254 vl
1040 204 1355 256 EPISTVLA
1391 203 1642 256 CRITICA

370 356 560 407 missae
593 363 725 406 sunt.
766 356 891 406 haec
925 359 1102 408 eadem
1138 372 1217 406 res
1255 359 1307 406 in
1337 372 1498 411 causa
1532 358 1627 408 fuit
1650 372 1739 407 cur
1765 364 1810 407 et
1835 355 1960 406 CAR.
1985 355 2131 405 Fam.
2152 355 2288 405 Hm.-

373 437 549 476 nunm
595 433 905 475 correcturas
951 441 1188 477 versuum
1224 425 1502 475 Trinummi
1541 422 1639 476 191
1678 440 1790 489 sqq.
1830 433 1879 473 et
1916 418 2295 486 679'wvinque

374 507 550 544 versus
596 490 702 543 425
745 508 872 557 quas
921 494 971 544 in
1014 493 1331 560 praefatione
1381 492 1537 543 Stichi
1576 509 1627 559 p.
1652 507 1744 544 xlx
1791 492 2075 558 nuperrime
2119 492 2292 557 prodi-

356 562 494 612 -disti
529 568 577 611 et
610 561 786 612 Mum.
821 561 1049 613 Have‘m
1083 562 1461 617 emendationes
1497 563 1724 613 eiusdem
1760 561 1964 612 fabulae
1985 574 2136 624 quam,
2173 561 2291 610 dum

374 644 533 695 nuper
568 631 937 680 iucundissimo·
968 644 1073 679 ‘rvo
1112 630 1334 695 hospitio
1358 629 1612 680 Bonnensi
1646 638 1785 690 utor,
1823 645 1976 679 mauu
2000 630 2108 678 eius
2132 629 2292 693 scrip-

374 704 450 747 tas
488 699 739 764 inspicere
772 699 942 759 licuit,
991 699 1043 748 iu
1079 713 1251 748 eorum
1286 712 1525 748 versuum
1561 713 1688 762 quos
1730 707 1863 748 recte
1900 699 2177 748 correxisse
2212 698 2290 746 vi-

374 767 576 816 deretur
621 767 1009 833 perpetuitatem
1057 767 1334 831 recipiendi
1380 768 1527 832 copia
1576 774 1728 819 esset.
1787 766 1933 816 doleo
1983 766 2121 829 quod
2155 767 2291 816 idem

371 834 482 884 fleri
512 850 613 884 non
646 835 812 900 potuit
847 835 1281 885 emendationibus
1316 848 1436 885 τηε
1456 835 1629 885 Militis
1656 835 1867 901 gloriosi
1889 848 2016 898 quas
2040 835 2092 884 in
2115 835 2293 884 eadem

372 902 688 969 praefatione
731 918 784 968 p.
807 915 919 953 xvn
955 919 1032 968 sq.
1085 904 1253 968 palam
1302 903 1493 964 fecisti,
1544 917 1755 967 quarum
1803 916 1884 953 me
1920 904 2111 967 aliquot
2145 918 2291 952 occu·

373 983 524 1036 passe
569 985 669 1023 nou
721 972 831 1021 sine
872 986 1059 1038 magna
1103 973 1297 1022 laetitia
1339 971 1591 1033 intellexi,
1645 986 1834 1038 paucas
1882 971 2085 1022 fabulae
2132 971 2295 1021 literis

373 1042 476 1089 iam
523 1040 806 1105 descriptae
848 1050 1029 1107 postea
1073 1041 1367 1091 inserendas
1414 1041 1613 1100 curavi,
1668 1040 1881 1091 relicuas
1927 1053 2053 1103 quas
2089 1040 2293 1102 quidem

373 1122 518 1157 veras
558 1122 671 1157 esse
707 1108 829 1158 mihi
864 1109 1163 1175 persuasisti
1200 1109 1334 1159 iufra
1368 1109 1548 1159 adieci.
2017 1149 2024 1155 .

510 1175 653 1225 Duae
689 1186 861 1228 autem
893 1179 1213 1244 potissimum
1256 1192 1338 1226 res
1374 1184 1491 1228 sunt
1531 1177 1717 1240 quibus
1751 1176 1904 1225 verba
1933 1182 2116 1240 poetae
2147 1181 2202 1223 ut
2238 1176 2290 1224 in

371 1246 466 1296 hac
500 1244 720 1294 editione
755 1247 993 1312 leguntur
1027 1247 1090 1296 ab
1129 1261 1188 1296 eo
1225 1246 1399 1295 habitu
1437 1261 1537 1309 quo
1571 1260 1600 1294 a
1636 1257 1714 1296 rra
1751 1252 1838 1293 aut
1860 1244 2037 1293 induta
2063 1251 2180 1293 suut
2204 1249 2285 1303 aue

373 1329 437 1364 ex
470 1314 732 1379 proposito
771 1328 879 1366 ‘rvo
919 1316 1039 1365 olim
1075 1315 1347 1365 induentur
1381 1313 1641 1364 differunt:
1682 1327 1895 1374 quarum
1926 1327 2026 1361 una
2061 1311 2286 1361 haeces‘

373 1382 511 1445 quod
556 1384 726 1432 omnia
762 1397 822 1433 ea
858 1383 1106 1435 vocabula
1138 1398 1268 1445 quae
1306 1384 1357 1430 in
1389 1380 1531 1431 libris
1569 1380 1773 1445 scriptis
1808 1393 1907 1428 non
1943 1386 2115 1428 extant
2145 1380 2292 1427 uncis

372 1449 553 1502 inclusi
575 1447 651 1515 ⁴¹),
691 1450 847 1501 altera
883 1451 1020 1514 quod
1052 1449 1497 1515 orthographicum
1531 1463 1694 1514 genus
1729 1448 1796 1498 ad
1826 1454 2011 1496 certam
2036 1448 2289 1510 quandam

371 1533 596 1568 normam
644 1519 861 1584 dirigere
901 1519 1087 1568 studui.
1147 1526 1197 1568 et
1239 1517 1366 1567 illud
1407 1516 1613 1581 quidem
1659 1516 1944 1566 faciendum
1982 1516 2155 1580 putavi
2188 1530 2290 1565 nou

373 1601 474 1650 quo
510 1601 598 1636 eos
635 1587 722 1649 qui
754 1587 851 1636 hac
888 1587 1108 1637 editione
1140 1593 1399 1636 uterentur
1433 1587 1579 1649 quasi
1611 1585 1935 1634 admonerem
1968 1592 2024 1634 ut
2058 1586 2131 1634 eis
2158 1598 2288 1647 quae

372 1656 482 1704 sive
523 1669 620 1720 ego
656 1654 767 1704 sive
802 1654 891 1704 alii
924 1654 1273 1720 supplevimus
1304 1652 1647 1719 probabiliora
1684 1654 2046 1703 substituerent
2081 1652 2279 1717 (quam-

374 1738 524 1786 quam
556 1722 603 1772 si
637 1721 736 1771 hoc
771 1722 956 1774 factum
991 1723 1165 1773 videro
1200 1734 1387 1789 magno
1426 1737 1579 1787 ppere
1614 1721 1894 1785 laetabor):
1937 1735 2056 1770 nam
2089 1723 2175 1783 qui
2208 1736 2287 1770 ar-

371 1800 473 1842 tem
521 1791 744 1841 criticam
787 1792 837 1841 in
885 1791 966 1841 his
1003 1790 1190 1841 fabulis
1222 1792 1318 1840 rite
1356 1806 1588 1840 exercere
1625 1790 1760 1840 volet
1797 1791 1947 1855 plena
1979 1790 2291 1854 supellectile

377 1860 549 1910 critica
599 1873 767 1909 carere
821 1875 921 1910 non
975 1861 1190 1924 poterit:
1245 1861 1338 1909 sed
1390 1868 1446 1908 ut
1489 1874 1589 1908 uno
1634 1859 1778 1922 quasi
1817 1858 2075 1909 oculorum
2111 1859 2286 1909 obtutu

373 1928 599 1994 conspici
641 1934 817 1993 posset
864 1943 1015 1992 quam
1050 1927 1237 1977 multae
1269 1928 1323 1976 in
1357 1927 1498 1977 libris
1533 1941 1656 1976 casu
1693 1927 1895 1991 elapsae
1928 1935 2097 1977 essent
2130 1941 2288 1977 voces

373 2012 434 2046 ac
470 1996 681 2048 voculae
726 2009 857 2058 quae
905 1997 1014 2045 sine
1062 1995 1281 2045 maximo
1329 2004 1415 2045 aut
1461 1996 1738 2045 sententiae
1789 2003 1875 2045 aut
1921 1996 2170 2046 sermonis
2202 2004 2289 2045 aut

375 2064 746 2129 exploratamm
794 2071 945 2127 atque
991 2064 1385 2114 indubitatarum
1421 2062 1593 2130 legum
1626 2065 1942 2114 metricarmn
1979 2064 2163 2115 damno
2199 2064 2286 2114 de-

373 2133 586 2183 siderari
636 2147 736 2183 non
778 2139 1014 2198 possent,
1064 2140 1113 2183 et
1158 2131 1277 2182 hinc
1318 2132 1469 2182 simul
1514 2131 1888 2198 intellegeretur
1922 2148 2074 2198 quam
2105 2133 2288 2182 rationi

373 2198 726 2252 convenienter
771 2201 820 2251 ei
867 2201 1086 2252 facerent
1130 2201 1217 2264 qui
1258 2201 1413 2251 etiam
1456 2202 1521 2251 ob
1556 2200 1846 2251 subtiliores
1879 2201 2018 2267 leges
2054 2201 2291 2251 metricas

372 2271 464 2320 sed
510 2283 598 2319 eas
646 2269 913 2320 artificiose
958 2271 1226 2335 indagatas
1269 2268 1500 2336 singulas
1539 2283 1693 2319 voces
1730 2271 1968 2336 supplere
2003 2284 2122 2333 non„
2142 2284 2286 2320 vere-

372 2347 568 2388 rentur:
620 2352 747 2401 quae
798 2339 1000 2402 quidem
1055 2339 1179 2388 artis
1222 2339 1424 2389 criticae
1476 2351 1596 2403 pars
1640 2354 1699 2388 eo
1747 2341 1915 2390 minus
1957 2339 2287 2389 dubitationis

368 2407 522 2456 habet
557 2421 656 2469 quo
691 2408 875 2456 certius
904 2406 1030 2457 illud
1069 2414 1145 2457 est
1181 2407 1321 2471 quod
1355 2419 1430 2458 ἰν
1465 2422 1527 2457 ex
1564 2407 1793 2457 excussis
1827 2407 2130 2457 membranis
2164 2407 2285 2456 Arn-

370 2475 622 2525 brosianis
673 2474 884 2525 effecisti
934 2477 1179 2530 ‘omniurn
1228 2476 1537 2525 uberrimum
1583 2476 1635 2525 in
1672 2475 1914 2525 Plautinis
1951 2475 2138 2526 fabulis
2176 2490 2285 2524 cor-

482 2686 530 2738 *)
559 2687 689 2728 venia
718 2685 824 2728 mibi
853 2685 1047 2740 petenda
1064 2690 1134 2728 est
1160 2686 1279 2739 quod
1302 2685 1415 2728 hanc
1432 2688 1575 2740 legem
1598 2698 1696 2728 mea
1718 2690 1879 2739 sponte
1901 2684 2007 2726 mibi
2031 2685 2284 2737 impositam

370 2740 1423 2846 3:31.emittit}?⁰.·;·¹2:01:¹.02⁰332⁸:.¹322‘„:31¹1
1426 2739 2160 2845 tanitlllisstsa‘ss‘gsstfz
2168 2738 2286 2842 ¹351:

372 2848 518 2899 ipsius
546 2847 723 2889 fabulae
752 2859 795 2893 v.
812 2848 866 2890 54
893 2859 990 2900 eqo,
1020 2847 1075 2890 59
1098 2848 1223 2898 haec,
1253 2847 1309 2889 69
1335 2847 1470 2899 Nam,
1498 2847 1550 2889 81
1578 2849 1674 2900 tue,
1704 2847 1758 2890 89
1784 2848 1848 2897 id.
1881 2847 1956 2888 105
1981 2849 2036 2896 et,
2068 2846 2143 2887 114
2167 2857 2282 2895 cum,

375 2900 452 2941 125
471 2911 586 2952 una,
619 2902 695 2943 143
718 2901 818 2951 Mc,
854 2901 930 2943 149
953 2901 1066 2952 leue,
1100 2900 1173 2943 161
1200 2903 1312 2951 lmc,
1346 2902 1422 2944 162
1443 2913 1552 2954 eqo,
1587 2901 1663 2945 164
1691 2902 1803 2951 med,
1838 2899 1912 2942 166
1936 2901 2095 2954 mayis,
2130 2900 2206 2940 170
2224 2901 2282 2949 te,

374 2954 446 2995 171
474 2954 530 3003 σι’,
567 2955 644 2999 172
661 2955 723 3003 td,
757 2956 959 3006 isonam,
993 2955 1186 3005 19301113
1215 2956 1299 2996 230
1313 2959 1421 3007 tum,
1451 2957 1672 3010 2311111118
1691 2958 1747 3005 et,
1777 2955 1860 2998 242
1872 2966 2007 3005 meus,
2037 2954 2119 2995 245
2132 2956 2281 3002 mne,

367 3007 450 3049 253
478 3008 552 3056 ui,
593 3007 676 3049 269
698 3009 794 3059 lu‘s,
832 3008 913 3050 284
940 3014 1010 3060 ιν,
1049 3010 1123 3052 321
1158 3008 1292 3059 milet,
1335 3010 1418 3052 344
1443 3013 1516 3059 tu,
1559 3011 1639 3052 347
1670 3010 1781 3061 mei,
1824 3009 1905 3050 374
1930 3008 2010 3058 At,
2051 3007 2133 3050 384
2160 3007 2282 3056 illut,

369 3062 449 3103 404
475 3060 588 3111 hnc,
615 3060 698 3103 408
726 3062 812 3110 mi,
847 3062 930 3103 420
955 3061 1051 3112 Est,
1079 3061 1161 3105 520
1218 3063 1281 3113 ol,
1312 3063 1393 3106 523
1414 3074 1512 3117 990,
1544 3065 1627 3106 524
1651 3065 1776 3115 prius
1804 3067 1866 3113 nt,
1900 3062 1979 3104 533
2007 3064 2086 3112 est,
2116 3061 2197 3102 555
2217 3063 2280 3109 tu,

368 3114 448 3155 575
482 3115 547 3155 Tu
574 3126 652 3163 ea,
693 3115 774 3156 577
794 3112 875 3165 Ee,
904 3117 985 3159 578
1013 3128 1109 3168 090,
1146 3076 1227 3157 5521
1252 3128 1320 3164 est,
1351 3117 1432 3159 588
1457 3129 1525 3167 ea,
1555 3117 1635 3160 593
1658 3118 1781 3171 prius
1811 3119 1867 3166 et,
1901 3114 1982 3156 623
2009 3118 2067 3165 te,
2098 3114 2176 3156 651
2205 3111 2280 3163 Et,

367 3168 448 3210 675
470 3179 561 3217 me,
601 3167 684 3209 729
711 3172 785 3219 tu,
826 3169 909 3209 770
931 3170 973 3220 i,
1014 3169 1096 3211 838
1124 3169 1265 3220 Aina
1308 3170 1387 3212 841
1420 3172 1545 3224 prius
1574 3174 1638 3221 et,
1681 3170 1762 3212 876
1787 3174 1851 3220 ut,
1879 3168 1961 3210 924
1995 3167 2070 3219 Te,
2105 3168 2188 3209 948
2215 3171 2279 3217 ut,

364 3221 447 3264 965
472 3222 558 3269 At,
593 3221 677 3264 968
702 3223 769 3271 is,
807 3222 888 3265 976
913 3225 989 3274 mi,
1024 3222 1128 3265 1003
1153 3224 1217 3274 td,
1251 3224 1353 3266 1015
1376 3234 1489 3274 mea,
1525 3224 1628 3266 1032
1655 3223 1717 3275 in,
1753 3224 1855 3266 1034
1881 3232 2013 3273 nunc,
2046 3223 2150 3264 1040
2176 3231 2279 3273 ayo,

371 3275 473 3318 1075
498 3274 686 3318 alterum
716 3280 804 3326 est,
836 3276 937 3319 1131
965 3288 1064 3331 eqo.
1099 3278 1204 3319 item
1235 3279 1277 3318 in
1310 3278 1510 3332 Captivis
1537 3278 1812 3330 aliquotiens
1841 3278 1884 3317 in
1908 3274 1991 3317 bac
2015 3287 2063 3317 re
2088 3278 2282 3316 erratum

362 3333 458 3371 est:
489 3340 589 3370 nam
617 3342 660 3371 v.
680 3330 762 3372 449
791 3341 878 3371 non
906 3331 1052 3372 solum
1080 3334 1144 3381 tu,
1174 3331 1256 3374 sed
1284 3331 1382 3374 Iam
1408 3336 1458 3374 tu
1480 3331 1709 3373 includere
1733 3331 1945 3373 debebam
1969 3331 2109 3384 (quod
2134 3334 2283 3371 tamen

361 3383 721 3479 {gppbementum
754 3384 1081 3427 inconsiderate
1123 3396 1150 3425 a
1187 3397 1256 3426 me
1296 3385 1495 3427 additum
1535 3395 1636 3427 esse
1665 3383 1781 3428 iul'ra
1809 3385 2003 3438 monui),
2044 3393 2086 3426 v.
2109 3382 2190 3424 469
2216 3384 2278 3435 ἕης

501 3448 526 3478 e

588 3436 669 3480 847
697 3439 768 3489 ἐκ,
807 3437 889 3481 896
917 3450 1021 3494 eqo,
1061 3437 1143 3481 985
1169 3439 1279 3484 iam.
