2584 3834
366 174 466 225 XX
1025 169 1342 222 EPISTVLA
1380 168 1630 220 cmTch

372 340 501 383 uasti
549 332 724 383 relicta
774 337 851 381 est
903 345 996 396 pro
1047 344 1109 379 ea
1151 345 1282 392 quae
1325 329 1434 378 sola
1469 328 1620 377 fidem
1657 327 1809 378 habet
1848 321 2161 381 censuisti.
2206 354 2287 367 --

371 415 434 465 V.
455 410 559 467 91⁷¹
597 412 847 464 immerito
888 412 941 461 id
977 412 1115 474 quod
1150 412 1199 460 in
1229 411 1375 460 libris
1398 416 1475 459 est
1502 403 1606 463 1161
1638 404 1802 464 hunc
1830 412 2045 482 rogato
2076 412 2287 470 mutavi,

372 505 487 539 nam
538 503 845 553 quamquam
891 486 1039 538 Sosia
1086 488 1137 536 in
1186 487 1452 551 proscenio
1503 501 1604 536 non
1641 487 1786 538 adest
1821 493 1992 537 tamen
2025 487 2105 537 hic
2137 484 2289 536 Sosia

371 558 473 609 dici
512 564 678 623 potest
715 559 834 620 quia
871 557 923 605 in
958 556 1171 606 aedibus
1210 562 1316 615 est,
1356 570 1455 617 qna
1488 555 1854 621 significatione
1885 570 2163 620 pronomen
2202 555 2289 604 de-

372 628 753 677 monstrativum
791 625 1100 674 sescentiens
1139 640 1169 672 a
1203 623 1381 672 Plauto
1418 625 1642 687 positum
1681 633 1786 674 est:
1826 625 1889 673 de
1923 624 2168 689 prosodia
2197 638 2288 672 au-

370 703 473 744 tem
510 695 625 744 vide
662 708 794 756 quae
835 707 992 758 supra
1030 693 1095 741 ad
1133 708 1180 740 v.
1216 691 1311 742 lll
1351 692 1619 755 professus
1655 708 1783 742 sum.
1820 718 1892 730 —-
1930 694 1996 743 V.
2018 689 2124 744 924
2158 706 2289 740 nunc

372 774 446 821 sic
492 770 664 820 malim
720 777 998 819 correctum
1040 761 1215 820 Hanc
1263 761 1415 819 mihi
1462 760 1538 820 da
1572 763 1846 821 ueniam:
1903 785 1952 818 v.
1980 766 2083 820 926
2119 774 2288 816 autem

373 853 621 902 sententia
668 848 901 916 flagitare
946 852 1147 901 videtur
1191 858 1247 900 ut
1283 851 1532 900 scribatur
1571 845 1753 905 factis
1796 844 1933 923 [fui]
1980 840 2287 923 inpudicis

371 929 720 1007 apstinenS,
765 947 880 982 nam
929 934 1065 995 quod
1113 931 1228 982 libri
1265 931 1454 982 habent
1483 935 1639 998 factis
1671 951 1745 986 me
1778 935 2036 997 impudicis
2069 932 2289 982 abstines

371 1026 470 1060 non
510 1012 677 1058 minus
716 1009 858 1058 nihili
896 1016 971 1058 cst
1008 1024 1158 1072 quam
1195 1023 1327 1072 quae
1363 1008 1580 1060 editores
1617 1014 1792 1078 nugati
1826 1019 1958 1060 sunt.
1990 1035 2064 1046 -
2100 1009 2163 1058 V.
2185 1005 2289 1060 930

374 1095 438 1127 ex
478 1079 824 1128 emendatione
858 1076 1152 1128 fluminum
1190 1077 1336 1128 dedi:
1390 1094 1502 1127 cum
1542 1095 1659 1130 vero
1696 1080 1748 1130 in
1783 1080 1847 1132 V.
1874 1078 1927 1127 C.
1959 1079 2036 1127 sic
2071 1078 2286 1141 scriptus

374 1155 510 1197 extet
545 1147 638 1197 Ibo
674 1154 860 1212 eqomet
896 1149 1110 1196 comitem
1144 1145 1258 1195 mihi
1287 1147 1576 1209 pudicitiam
1612 1149 1837 1210 duxero,
1880 1162 2013 1196 nunc
2047 1145 2170 1195 iliud
2207 1147 2286 1194 ibo

371 1231 426 1272 ut
464 1221 719 1288 glossema
756 1221 921 1271 delere
959 1229 1007 1271 et
1042 1221 1227 1270 relicua
1259 1222 1333 1270 sic
1364 1230 1688 1289 transponere
1724 1225 1895 1277 malim
1922 1213 2287 1282 Pudicitiam

372 1303 619 1377 egomet
666 1295 902 1357 di'ixero
947 1298 1233 1357 comitem
1280 1297 1465 1374 mihi,
1522 1306 1618 1355 nisi
1656 1314 1881 1371 praestat
1919 1297 2288 1359 Pudicitiam

372 1388 619 1460 egomet
650 1381 890 1440 mdcum
922 1380 1208 1440 comitem
1239 1378 1506 1439 duxero:
1549 1399 1853 1450 quamquam
1884 1403 1948 1437 ne
1978 1389 2056 1436 sic
2082 1387 2285 1450 quidem

370 1465 505 1515 hunc
539 1466 706 1515 locum
737 1470 1061 1528 pei-sanatum
1100 1475 1215 1512 esse
1251 1460 1377 1510 mihi
1412 1462 1728 1525 persuadeo,
1768 1463 1862 1513 sed
1893 1469 2056 1513 totum
2082 1475 2284 1512 versum

373 1542 488 1584 aute
524 1550 570 1587 v,
592 1530 697 1584 930
735 1530 988 1580 excidisse
1021 1538 1164 1594 puto.
1201 1557 1269 1566 -—
1311 1531 1374 1579 V.
1404 1527 1509 1583 939
1546 1545 1700 1596 aegre
1731 1531 1840 1581 fero
1862 1530 2000 1594 quod
2017 1530 2187 1580 relicta
2209 1537 2286 1579 est

373 1601 644 1652 accusativi
684 1599 847 1648 forma
885 1599 1166 1661 uoluptates
1202 1613 1296 1663 pro
1334 1613 1395 1647 ea
1423 1614 1575 1662 quam
1598 1614 1762 1649 sermo
1784 1600 2044 1653 Plautinus
2062 1599 2285 1664 postulat

369 1668 738 1748 uoluptatis:
782 1675 903 1724 item
930 1672 1074 1738 Gapt.
1096 1671 1199 1726 769
1234 1676 1512 1737 opimitates
1545 1690 1637 1741 pro
1676 1669 2028 1749 optmitatis.
2076 1676 2149 1723 sie
2174 1674 2281 1722 Mil.

373 1753 439 1805 12
473 1750 541 1803 32
577 1748 679 1802 655
725 1746 855 1801 1027
892 1763 961 1799 ῬΒ
995 1760 1266 1816 praeeunte
1300 1755 1499 1802 uirtutis
1528 1753 1734 1818 scripsi,
1772 1746 1949 1802 itidem
1975 1750 2078 1800 Mil.
2097 1745 2164 1803 93
2184 1765 2283 1799 non

371 1821 708 1887 spernendam
751 1820 928 1885 putavi
973 1821 1248 1870 meretricis
1297 1822 1435 1884 quod
1483 1822 1598 1871 libri
1647 1819 1888 1872 exhibent
1934 1827 1984 1870 et
2030 1820 2095 1869 ad
2132 1817 2284 1868 huius

372 1890 659 1956 analogiam
697 1887 803 1937 Mil.
828 1884 931 1937 722
967 1890 1180 1939 ceruicis
1215 1888 1298 1938 vel
1336 1890 1445 1938 sine
1481 1890 1620 1939 libris
1656 1890 1879 1941 restitui:
1922 1896 2094 1939 contra
2136 1901 2285 1952 repu-

373 1960 509 2009 diavi
543 1959 784 2008 librorum
824 1956 1041 2007 imbricis
1073 1956 1177 2006 Mil.
1199 1954 1305 2007 504
1341 1965 1390 2005 et
1422 1959 1584 2020 inopis
1614 1955 1745 2006 Rud.
1771 1955 1871 2010 257
1901 1972 2033 2019 quae
2056 1972 2155 2006 non
2177 1970 2283 2004 ma-

373 2029 452 2091 gis
487 2026 731 2076 rationem
764 2024 951 2074 habent
987 2040 1139 2087 quam
1178 2042 1226 2077 v.
1255 2042 1300 2077 e.
1326 2027 1532 2090 legionis
1565 2025 1672 2075 Mil.
1700 2021 1762 2076 17
1790 2036 1839 2077 et
1872 2024 1979 2076 224
2014 2034 2101 2075 ant
2132 2025 2284 2075 moris

373 2095 494 2144 ibid.
533 2093 604 2145 40
654 2101 740 2142 aut
784 2092 989 2144 leontinis
1034 2094 1159 2143 ibid.
1186 2091 1291 2144 660
1327 2099 1413 2143 aut
1443 2096 1714 2160 piscatoris
1750 2095 1875 2145 ibid.
1905 2090 2037 2145 1183
2072 2100 2159 2144 aut
2187 2108 2284 2143 me·

370 2165 515 2215 lioris
532 2163 668 2211 Trin.
684 2157 785 2212 707
824 2169 874 2211 ct
909 2164 995 2224 qui
1033 2170 1151 2211 sunt
1189 2162 1382 2212 similes
1419 2158 1739 2214 librariorum
1762 2177 1973 2213 errores.
1995 2163 2065 2199 -'—
2099 2163 2163 2212 V.
2178 2159 2283 2214 953

371 2232 663 2281 Hnnnmu
699 2244 856 2280 suasu
892 2232 1074 2295 scripsi
1112 2231 1239 2280 Dum
1273 2245 1393 2295 ego,
1432 2232 1524 2281 sed
1561 2232 1855 2283 defensione
1875 2246 1974 2282 uon
1994 2239 2129 2281 caret
2147 2230 2284 2293 quod

371 2309 485 2358 libri
522 2306 708 2358 habent
738 2299 935 2375 Quom
965 2316 1100 2377 ego,
1130 2332 1219 2347 ·--·
1258 2308 1323 2359 V.
1344 2304 1451 2359 960
1485 2324 1599 2358 cum
1628 2309 1693 2358 V.
1720 2308 1773 2359 C.
1805 2312 1919 2359 item
1943 2311 2052 2371 ipse
2079 2305 2280 2364 habeat,

373 2390 583 2440 forsitan
619 2387 746 2438 haee
779 2390 844 2437 sit
880 2404 1000 2438 vera
1035 2390 1279 2455 scriptura
1314 2380 1589 2443 Proinde
1634 2385 1728 2444 eri
1768 2392 1839 2444 ut
1867 2384 2025 2461 sint,
2065 2380 2282 2441 itidem

368 2466 539 2544 ipsus
569 2464 669 2524 sits
706 2496 794 2509 --
832 2472 896 2520 V.
920 2468 1057 2521 1020
1091 2479 1140 2520 et
1179 2469 1446 2536 Gapt.830
1481 2473 1626 2534 (item
1663 2473 1845 2526 Bacch.
1866 2471 1995 2538 582)
2027 2473 2280 2538 corrigen-

374 2554 492 2604 dum
532 2562 608 2603 est
647 2547 827 2625 <Sequi
856 2548 973 2606 hoc
1005 2548 1206 2626 aperit
1236 2549 1505 2609 ostium?
1533 2581 1620 2596 ·-—
1658 2557 1722 2606 V.
1748 2552 1887 2608 1128
1905 2563 1953 2606 et
1977 2552 2111 2606 1144
2130 2568 2278 2618 quam

370 2636 432 2685 V.
463 2635 516 2688 G.
540 2637 750 2702 praebet
789 2636 952 2687 forma
996 2630 1317 2691 Tere-siam
1363 2654 1454 2703 pro
1500 2637 1744 2690 Tiresiam
1776 2654 1878 2688 non
1906 2637 2107 2687 videtur
2138 2650 2280 2699 sper-

369 2712 537 2762 nenda
574 2726 703 2766 esse.

511 2830 987 2895 Captivorum
1060 2846 1238 2881 versus
1307 2832 1371 2882 11
1439 2847 1589 2894 quem
1643 2845 1708 2880 ex
1764 2842 1870 2880 ‘ru
1928 2830 2280 2880 emendatione

370 2903 646 2970 (Parerg.1
676 2921 726 2969 p.
748 2905 880 2971 222)
916 2907 1034 2958 dedi
1082 2909 1254 2957 nescio
1306 2922 1371 2955 an
1416 2907 1579 2957 lenius
1619 2906 1695 2956 sic
1733 2907 2035 2956 instauretur
2082 2896 2281 2975 Negat

367 2978 586 3041 hercle
612 2980 747 3041 illic
775 2980 1062 3045 t'lltumus.
1093 3014 1181 3029 --
1218 2990 1282 3040 V.
1312 2986 1380 3040 28
1410 2990 1576 3052 possit
1606 3004 1698 3054 pro
1735 2987 1975 3038 librorum
2011 2995 2182 3051 posset
2217 2987 2278 3037 ab
2321 3000 2337 3016 ·

367 3062 555 3113 Rmzro
601 3066 823 3129 sumpsi,
875 3067 939 3116 ab
988 3066 1168 3117 eodem
1214 3082 1265 3116 v.
1291 3062 1364 3117 34
1401 3067 1465 3116 de
1493 3065 1696 3128 praeda
1728 3064 1875 3116 hosce
1909 3080 2002 3130 pro
2036 3065 2182 3116 hosce
2204 3065 2280 3124 ‚de

365 3133 582 3195 praeda.
622 3148 716 3183 nec
750 3134 886 3194 quod
926 3150 970 3185 ν.
991 3133 1055 3186 31
1096 3135 1216 3186 dedi
1251 3137 1460 3200 equitem
1490 3150 1562 3185 ex
1579 3134 1732 3184 Alide
1748 3148 1841 3199 pro
1860 3135 2101 3184 librorum
2119 3132 2279 3182 hianti
2317 3148 2334 3159 ·

368 3201 614 3264 scriptura
651 3202 858 3267 equitem
893 3203 1039 3252 alium
1076 3202 1167 3265 (V.
1204 3201 1259 3252 C.
1296 3205 1481 3253 rectius
1517 3204 1677 3269 (deum
1710 3210 1765 3251 ut
1799 3200 1954 3267 solet)
2000 3217 2166 3252 meum
2203 3209 2279 3250 est

366 3268 458 3318 sed
509 3269 719 3319 debetur
766 3268 978 3321 O‘r'rom
1027 3272 1111 3335 qui
1150 3279 1265 3335 apte
1304 3271 1513 3321 contulit
1545 3271 1698 3320 huius
1735 3269 1937 3321 rabulae
1973 3287 2025 3323 v,
2052 3270 2171 3322 511.
2209 3293 2282 3307 --

371 3337 427 3389 V.
450 3336 517 3388 51
553 3353 636 3387 me
669 3340 891 3403 graviter
924 3342 1034 3403 ipse
1069 3339 1385 3404 reprehendo
1422 3340 1561 3402 quod
1596 3354 1696 3388 non
1729 3339 2010 3403 significavi
2036 3354 2102 3389 ex
2125 3344 2279 3389 iuter-

365 3404 619 3467 potatione
656 3406 951 3458 foedissima
984 3409 1276 3473 irrepsisse:
1315 3409 1534 3473 primum
1572 3409 1704 3457 euim
1739 3408 1862 3470 quid
1896 3407 2186 3474 languidius
2223 3422 2282 3455 ac
