2584 3834
300 128 304 130 ‘
341 156 457 206 xvi
994 151 1310 204 EmsrvLA
1348 149 1599 200 camos.

339 321 514 355 omnes
552 308 604 355 in
641 305 805 355 lucem
845 305 995 355 edere
1029 303 1180 354 vellet
1217 304 1452 353 iniuriam
1492 302 1742 353 facturum
1769 316 1883 352 esse
1911 302 2253 353 manibusviri

338 364 741 425 modestissimi’:
798 373 949 423 huius
1005 387 1101 437 ego
1157 372 1515 422 admonitionis
1570 385 1763 421 memor
1810 369 1989 434 (velim
2027 371 2253 421 eiusdem

337 458 612 493 memorem
649 458 762 491 esse
797 442 943 491 an.
984 440 1252 491 Osamwn
1290 455 1405 489 cum
1440 440 1718 504 praestabit
1753 439 1890 503 quod
1916 440 1968 488 in
2000 454 2254 488 commen-

338 513 527 561 tatione
575 526 667 559 sua
717 511 779 560 de
824 524 968 575 pron.
1000 525 1049 560 1s
1093 522 1163 558 BA
1204 524 1259 559 u>
1299 510 1475 559 formis
1513 524 1564 574 p.
1585 505 1655 560 29
1686 507 1940 573 pollicitus
1978 506 2081 571 est)
2120 508 2253 557 infra

338 581 445 630 fere
496 594 584 628 eas
631 586 824 628 tantum
876 579 1262 628 commemoravi
1316 593 1443 640 quas
1492 578 1603 643 ipse
1638 577 1806 642 recepi
1842 576 2062 625 exclusis
2101 577 2252 626 etiam

338 663 464 710 quas
519 650 619 696 iam
672 647 1013 697 Hunnumws
1070 653 1157 696 aut
1208 648 1259 696 in
1313 645 1630 711 praefatione
1684 645 1960 695 Trinummi
2008 654 2095 694 aut
2132 645 2252 695 alibi

337 717 525 781 publici
559 716 684 765 iuris
722 715 938 775 fecerat,
979 715 1057 764 fas
1095 723 1262 764 tamen
1303 729 1417 765 esse
1452 714 1629 780 putavi
1666 730 1745 763 me
1784 728 1871 763 eas
1909 728 2009 762 non
2045 715 2252 763 reticere

338 784 594 848 (exceptis
647 784 798 833 rebus
855 781 1234 846 minutissimis)
1282 797 1411 845 quas
1458 790 1573 833 ante
1614 782 1741 833 alios
1778 782 1861 832 ille
1899 791 2247 846 occupaverat.

336 853 633 919 praeterhac
677 852 869 915 aliquot
920 852 1298 902 emendationes
1335 866 1462 914 quas
1507 851 1639 900 infra
1674 854 1778 901 suis
1815 852 1940 901 locis
1978 851 2254 900 memoravi

338 923 499 972 debeo
536 922 785 970 amicitiae
821 920 1096 970 Famnnrcr
1120 921 1218 969 mei
1243 918 1514 978 Owrnnm,
1556 920 1851 986 disciplinae
1876 931 2016 968 ‘rua
2042 919 2251 979 alumni,

337 1005 465 1055 quas
520 991 640 1040 dum
693 990 927 1054 proxima
979 988 1147 1038 hieme
1198 987 1292 1037 has
1342 989 1629 1039 comoedias
1668 1004 1767 1038 una
1803 989 2019 1053 legimus
2057 1003 2248 1040 mecum

338 1059 727 1109 communicavit
781 1058 1051 1120 aliquando
1107 1066 1164 1107 ut
1217 1072 1367 1123 spero
1422 1059 1681 1108 uberiores
1732 1056 1921 1106 fructus
1969 1056 2251 1106 studiorum

338 1142 547 1178 suorum
583 1125 924 1177 Plautinorum
961 1127 1205 1176 editurus.

477 1245 524 1293 A
543 1259 591 1293 m
610 1257 645 1309 p
663 1243 776 1293 hit
791 1258 817 1293 r
834 1259 871 1293 u
890 1258 920 1293 o
940 1258 974 1293 n
994 1244 1012 1294 i
1031 1258 1056 1291 s
1108 1244 1264 1307 igitur
1311 1244 1531 1307 primum
1576 1257 1658 1291 me
1709 1243 1928 1307 paenitet
1974 1256 2151 1291 versus
2183 1237 2254 1291 46

338 1313 410 1361 ita
457 1322 513 1362 ut
557 1314 609 1362 in
655 1312 753 1362 hac
790 1311 1010 1362 editione
1047 1312 1231 1376 legitur
1266 1310 1558 1368 instaurati,
1615 1311 1852 1371 quoniam
1886 1325 1968 1359 ars
2002 1310 2252 1369 Plautina,

339 1381 477 1443 quod
515 1394 590 1430 ων
629 1382 681 1430 iu
712 1379 912 1446 Proleg.
945 1380 1077 1428 Trin.
1100 1392 1151 1442 p.
1174 1392 1279 1428 ccx
1316 1378 1580 1428 verissime
1613 1378 1920 1437 observasti,
1959 1379 2011 1426 in
2041 1377 2141 1426 fine
2171 1391 2252 1426 se-

339 1451 596 1500 nariorum
644 1450 971 1499 iambicorum
1020 1460 1292 1508 numquam
1339 1446 1437 1494 tria
1478 1459 1593 1494 sese
1630 1445 1846 1494 iambica
1879 1446 2128 1495 vocabula
2166 1460 2252 1495 ex·

341 1520 508 1584 cipere
555 1531 710 1583 passa
757 1523 867 1565 est:
924 1516 976 1565 in
1016 1513 1158 1563 libris
1202 1522 1372 1563 autem
1419 1515 1494 1563 sic
1540 1514 1758 1578 scriptus
1807 1521 1945 1563 extat
1996 1513 2106 1565 Sed
2149 1528 2248 1564 mos

338 1603 596 1651 mnnquam
641 1587 715 1633 illi
753 1585 856 1647 fuit
898 1584 1043 1645 patri
1083 1596 1188 1631 meo
1234 1581 1314 1646 (in
1352 1582 1494 1632 libris
1528 1582 1827 1632 Laueutns
1863 1597 1966 1633 meo
1996 1581 2165 1646 patri)
2201 1583 2254 1632 in

341 1670 443 1719 qua
490 1655 738 1718 scriptura
773 1665 926 1715 quam
966 1665 1195 1701 mancam
1234 1665 1349 1700 esse
1385 1650 1595 1714 adparet
1630 1657 1822 1700 tantum
1859 1653 2003 1702 abest
2039 1660 2094 1701 ut
2126 1649 2253 1700 mihi

342 1739 456 1772 cum
491 1724 858 1772 Lrunssnumro
897 1717 1015 1785 (qui
1052 1734 1166 1769 cum
1202 1719 1317 1769 aliis
1349 1720 1454 1768 illie
1480 1717 1709 1784 scripsit)
1742 1720 1940 1770 dativus
1966 1721 2041 1769 illi
2066 1720 2254 1785 frigere

340 1792 573 1841 videatur
625 1796 680 1839 ut
732 1803 867 1839 nunc
915 1787 1040 1838 nihil
1076 1789 1244 1853 aptius
1281 1788 1532 1838 iudicem:
1585 1802 1703 1837 nam
1738 1789 1869 1838 sicut
1902 1790 1988 1839 ille
2022 1788 2254 1851 Iuppiter

341 1874 495 1926 saepe
544 1855 831 1914 δεικτικῶς
880 1865 928 1907 et
963 1873 995 1907 a
1030 1856 1206 1907 Plauto
1243 1856 1409 1921 (velut
1444 1854 1629 1920 Amph.
1649 1853 1718 1907 26
1752 1854 1854 1908 461
1896 1856 2079 1906 Gurc.1
2118 1856 2162 1921 1,
2184 1851 2252 1907 27

340 1929 490 1981 Most.
509 1928 553 1977 11
582 1928 609 1978 l
642 1926 707 1978 51
741 1926 926 1976 Pseud.
947 1927 1034 1975 1111
1073 1926 1098 1977 1
1139 1923 1232 1988 16)
1269 1933 1320 1973 et
1357 1926 1420 1974 ab
1459 1924 1574 1973 aliis
1603 1926 1933 1989 scriptoribus
1963 1925 2126 1990 (velut
2147 1923 2248 1973 Cic.

342 2000 395 2047 in
426 1996 569 2046 Catil.
591 1996 655 2045 111
697 1994 761 2046 12
791 1991 862 2046 29
898 1993 1045 2045 Corn.
1087 1993 1215 2059 Nep.
1258 1994 1404 2058 epist.
1447 1991 1595 2042 Corn.
1617 1994 1665 2053 S.
1687 1991 1749 2057 4)
1784 1994 1968 2043 dicitur
1998 1992 2144 2056 (add.
2168 1994 2254 2044 ille

340 2068 598 2128 Diespiter
632 2063 769 2130 apud
801 2062 914 2111 Liv.
932 2063 956 2111 Ι
987 2060 1058 2112 24
1093 2059 1157 2121 8,
1212 2063 1344 2111 illum
1377 2063 1528 2111 solem
1559 2061 1723 2111 Plauti
1760 2061 1941 2112 Bacch.
1963 2059 2124 2127 699),
2179 2063 2256 2112 sic

342 2134 441 2184 hoc
477 2148 625 2183 versu
662 2133 865 2183 dativus
902 2132 978 2181 illi
1011 2132 1307 2182 coniunctus
1344 2145 1458 2180 cum
1494 2145 1599 2180 meo
1623 2132 1765 2193 patri
1787 2132 1874 2194 qui
1899 2132 2011 2196 ipse
2033 2132 2254 2196 Iuppiter

344 2212 421 2253 est
457 2202 648 2268 optime
682 2215 740 2250 se
773 2199 953 2260 habet,
992 2215 1143 2264 quem
1181 2200 1411 2250 dativum
1448 2201 1601 2248 etiam
1637 2200 1681 2247 si
1720 2198 1850 2249 alius
1887 2201 2001 2263 quis
2035 2215 2096 2249 ac
2131 2200 2255 2250 deo-

343 2287 455 2321 rum
493 2282 723 2320 summus
759 2268 1128 2334 significaretur
1160 2284 1260 2319 non
1298 2275 1604 2326 mutassem,
1642 2269 1688 2316 si
1726 2268 1850 2317 mihi
1886 2277 2166 2335 opportune
2202 2269 2256 2316 in

347 2347 564 2390 mentem
601 2339 824 2389 venisset
861 2352 1036 2387 versus
1071 2338 1223 2387 huius
1256 2336 1459 2386 fabulae
1494 2333 1601 2388 858
1629 2351 1706 2399 sq.
1736 2335 1818 2385 his
1848 2338 1910 2386 de
1934 2338 2102 2386 causis
2121 2337 2257 2385 hunc

346 2433 549 2469 versum
585 2417 661 2464 sic
695 2415 1060 2464 restituendum
1098 2428 1212 2463 esse
1250 2428 1434 2463 censeo
1476 2405 1588 2466 Set
1630 2404 1728 2484 [is]
1771 2425 1903 2466 mos
1944 2403 2039 2465 illi
2078 2406 2255 2465 mim-

349 2513 528 2572 quam
567 2492 688 2552 fuit
724 2488 862 2551 mio
904 2490 1102 2570 putri,
1148 2505 1200 2547 ut
1231 2497 1334 2560 fuit
1354 2511 1643 2546 mensuram
1666 2496 1881 2561 spondei
1902 2504 2256 2560 exaequet.—

344 2579 410 2626 V.
434 2574 501 2628 69
550 2575 935 2626 constructionis
982 2574 1110 2624 ratio
1148 2571 1243 2638 (cf.
1285 2588 1332 2620 v.
1355 2569 1424 2624 74
1460 2571 1746 2637 ambiuem’t)
1782 2572 2005 2638 postulat
2040 2580 2096 2621 ut.
2132 2572 2254 2620 scri-

346 2655 494 2704 batur
534 2644 839 2719 ambissit‚
884 2664 1032 2712 quem
1072 2648 1289 2699 eundem
1325 2649 1634 2713 singularem
1669 2665 1719 2698 v.
1747 2645 1811 2700 71
1855 2662 1928 2697 ’Π
1964 2649 2016 2698 in
2051 2647 2251 2712 Proleg.

346 2728 481 2778 Trin.
520 2743 572 2794 p.
595 2739 780 2778 Lxxxv
820 2741 886 2775 ex
918 2724 1151 2790 vestigiis
1186 2724 1249 2773 V.
1289 2722 1343 2774 G.
1372 2721 1479 2788 ipse
1514 2725 1778 2775 ambissent
1811 2725 2075 2774 verissime
2110 2724 2256 2773 resti-

349 2805 518 2853 tuisti:
562 2813 781 2854 ceterum
820 2817 866 2851 v.
894 2797 964 2851 74
1000 2801 1199 2850 initium
1234 2815 1371 2851 nunc
1404 2800 1578 2851 malim
1615 2802 1690 2850 sic
1723 2801 2083 2866 transpositum
2118 2792 2255 2852 Ma-

350 2879 670 2957 gistratum
712 2876 902 2957 quasi.
945 2909 1033 2920 —
1071 2883 1136 2932 V.
1163 2880 1261 2933 111
1301 2882 1584 2932 revocanda
1621 2890 1696 2933 est
1731 2882 1972 2932 librorum
2007 2884 2252 2947 scriptura

351 2969 416 3022 et
458 2962 533 3022 ἐκ
570 2963 706 3021 uiro
751 2964 817 3019 et
859 2977 935 3019 ex
976 2959 1206 3018 summti
1249 2956 1398 3016 Ioue
1432 2961 1598 3029 (quod
1632 2965 1724 3013 arti
1749 2964 2082 3029 prosodiacae
2105 2962 2254 3012 Plau-

352 3054 485 3101 tinae
530 3066 630 3101 uon
676 3064 959 3115 repugnare
1010 3046 1128 3097 alibi
1164 3045 1448 3111 probabo):
1507 3047 1625 3095 item
1664 3043 1840 3097 v.130
1879 3039 2047 3098 Haut
2089 3042 2256 3118 quis-

353 3147 534 3207 quam
567 3131 825 3206 quaeret
854 3127 958 3202 qui
987 3125 1139 3183 siem
1172 3129 1275 3182 aut
1307 3121 1454 3201 quid
1484 3123 1763 3182 uenerim
1806 3128 1912 3192 (cll.
1951 3127 2133 3178 Bacch.
2153 3124 2255 3179 762

353 3218 456 3266 Mil:
478 3215 632 3280 6850:
670 3211 841 3266 v.333
881 3206 1042 3266 Hinc
1074 3208 1239 3266 enim
1268 3207 1418 3266 mihi
1451 3204 1668 3265 dextra
1696 3224 1816 3265 nox
1844 3204 2039 3265 auris:
2084 3228 2129 3259 v.
2152 3206 2256 3261 339

350 3292 584 3354 Verum
625 3296 923 3352 certumst
962 3289 1350 3350 cdnfidenter
1383 3288 1694 3349 hominem
1724 3293 1939 3348 contra
1969 3285 2257 3365 cdnloqui

350 3385 529 3440 {quem
546 3389 749 3426 versum
770 3375 1009 3439 deceptus
1029 3372 1158 3423 falso
1177 3373 1338 3422 an
1359 3373 1421 3422 de
1439 3374 1506 3422 V.
1523 3372 1574 3424 C.
1589 3372 1879 3422 testimonio
1900 3371 2257 3428 mutavemm):
