2584 3834
915 228 1003 278 AD
1036 227 1198 279 ran).
1236 227 1681 281 RITSCHELIVM.
2142 233 2260 287 XX!

335 379 581 445 frigidius
612 381 892 446 excogitari
920 373 1087 445 potest
1115 383 1199 431 illa
1224 384 1474 434 sententia
1492 391 1541 434 et
1560 383 1644 434 illo
1666 385 1868 447 quidem
1890 384 2038 436 loco?
2075 386 2258 437 deinde

332 447 533 496 numeri
564 447 816 499 clamitant
845 447 982 498 hunc
1011 465 1212 501 versum
1245 466 1345 501 non
1373 466 1487 502 esse
1505 452 1733 502 Plautina
1753 463 1860 503 arte
1890 456 2256 520 compositum:

332 530 455 565 nam
494 507 864 596 ‘spondiacam’
912 526 968 567 ut
1015 532 1121 569 ‘ru
1167 522 1319 570 verba
1355 521 1581 586 (Proleg.
1619 520 1756 571 Trin.
1795 536 1847 587 p.
1877 522 2105 588 ccxvm)
2143 539 2258 574 mea

334 585 524 634 faciam
583 599 676 650 pro
721 585 941 636 iambica
984 601 1107 637 voce
1154 589 1332 637 tertius
1377 603 1471 655 pes
1509 590 1723 655 (senarii
1758 589 1991 655 iambici)
2027 606 2130 641 non
2162 596 2254 642 ad-

332 644 517 703 misit’:
565 662 807 704 consutus
854 661 1021 704 autem
1061 662 1137 705 est
1173 655 1256 707 hic
1299 658 1528 708 misellus
1563 658 1841 709 versiculus
1876 674 1941 709 ex
1977 660 2050 708 eis
2084 661 2253 710 verbis

332 737 470 784 quae
503 721 636 772 Rud.
665 721 763 773 1⁵5
801 724 1065 788 aptissime
1101 724 1341 791 leguntur
1375 734 1425 776 et
1458 727 1712 778 locutione
1746 728 1797 778 in
1833 726 1915 778 his
1940 727 2125 779 fabulis
2151 729 2252 778 usi-

332 798 606 848 tatissima.
645 826 716 837 —
768 800 835 849 V.
862 795 928 850 71
976 803 1409 866 transponendum
1444 809 1523 854 est
1564 794 1791 856 dictum
1837 796 2122 877 apsurde.
2169 830 2255 844 —-

331 876 397 925 V.
428 872 537 927 206
570 891 646 939 sq.
683 875 1041 928 Humum
1079 877 1266 942 (Elem.
1305 879 1464 930 doctr.
1503 887 1647 930 metr.
1674 894 1725 944 p.
1746 879 1880 945 210)
1913 890 2119 932 secutus
2153 881 2252 931 nisi

333 945 476 1008 quod
500 957 665 1009 pauca
700 945 952 1008 quaedam
981 947 1175 997 mutavi
1205 947 1335 999 dnos
1362 948 1644 998 trochaicos
1670 950 1955 999 octonarios
1975 949 2120 1001 dedi:
2158 950 2252 1000 sed

332 1013 507 1062 nescio
528 1027 592 1062 an
612 1013 800 1064 Rssrzro
819 1014 991 1080 potius
1010 1015 1464 1082 obtemperandum
1485 1016 1741 1081 fuerit(cf.
1756 1018 1894 1068 idem
1909 1018 2249 1069 Hnannuvs

333 1082 398 1131 de
436 1082 607 1132 metris
642 1091 780 1146 poet.
818 1082 901 1132 Gr.
929 1092 978 1133 et
1010 1083 1158 1134 Rom.
1193 1098 1246 1150 p.
1275 1080 1402 1149 127)
1438 1087 1527 1150 qui
1561 1087 1611 1135 in
1649 1093 1885 1149 quattuor
1916 1102 2094 1138 versus
2129 1102 2248 1137 aua·

331 1150 590 1215 paesticos
625 1165 714 1200 eos
750 1151 1019 1212 diviserat,
1058 1153 1157 1202 nisi
1185 1153 1325 1215 quod
1353 1154 1516 1220 primo
1548 1169 1724 1213 versu,
1762 1162 1817 1204 ut
1846 1155 1930 1206 lex
1961 1155 2048 1207 illa
2077 1163 2249 1206 tenea·

330 1228 416 1267 tur
462 1219 525 1268 de
574 1219 853 1270 variatione
887 1229 1122 1271 accentus
1158 1221 1388 1272 eiusdem
1428 1223 1607 1272 iterum
1640 1223 1796 1286 positi
1831 1225 2064 1275 vocabuli
2096 1239 2249 1289 quam

330 1287 711 1338 Lacunam
745 1289 797 1338 in
831 1287 1089 1353 Propertio
1124 1304 1217 1341 suo
1247 1306 1303 1355 p.
1324 1289 1425 1342 111
1444 1304 1556 1354 sqq.
1581 1299 1630 1341 et
1645 1288 1987 1342 Hamauvs
2006 1291 2190 1359 opusc.
2211 1304 2248 1343 n

330 1371 382 1421 p.
405 1353 513 1406 283
548 1370 661 1419 sqq.
700 1355 1123 1421 explanaverunt,
1162 1374 1317 1421 quam
1356 1360 1563 1423 quidem
1598 1359 1764 1424 legem
1802 1361 1852 1408 in
1889 1363 2121 1413 omnibus
2158 1377 2247 1411 vo-

330 1425 527 1473 cabulis
561 1424 985 1491 hyperdisyllabis
1020 1428 1247 1492 exceptis
1279 1428 1402 1478 bnis
1438 1427 1797 1493 amphimacris
1833 1428 2008 1491 eisque
2048 1430 2247 1496 longio-

331 1493 472 1542 ribus
527 1508 742 1556 quorum
790 1508 891 1544 una
938 1495 1142 1545 omnino
1189 1496 1442 1547 voculatio
1482 1505 1560 1546 est
1594 1495 1979 1563 religiosissime
2015 1513 2046 1549 a
2080 1499 2247 1563 poetis

330 1561 547 1611 scenicis
590 1562 908 1612 observatam
957 1577 1071 1613 esse
1118 1566 1487 1625 contenderim,
1537 1564 1691 1615 huius
1727 1566 1884 1631 igitur
1918 1567 2049 1633 legis
2083 1567 2247 1633 gratia

328 1631 602 1694 Fuqioenm
634 1632 764 1682 nos?
810 1629 1176 1682 conlocandum
1212 1640 1290 1682 est
1325 1648 1415 1698 pro
1453 1632 1695 1684 librorum
1731 1633 1840 1686 Noa
1866 1634 2149 1700 fugiamus?
2198 1644 2248 1685 et

326 1698 473 1760 quod
507 1698 685 1749 ultimo
722 1715 873 1750 versu
906 1701 1082 1764 utique
1116 1701 1299 1751 vocula
1334 1702 1570 1753 addenda
1606 1710 1714 1763 est,
1753 1704 1874 1765 quia
1902 1706 2100 1756 occasio
2128 1713 2245 1754 ante

328 1767 454 1816 haut
486 1765 629 1816 hiare
664 1781 766 1817 non
799 1775 992 1834 potest,
1031 1769 1124 1818 sed
1159 1770 1414 1836 synizesin
1448 1771 1500 1819 in
1536 1770 1636 1820 hoc
1669 1772 1874 1833 quidem
1912 1788 2096 1837 genere
2137 1787 2243 1822 me·

329 1844 523 1885 trorum
560 1835 777 1886 admittit
810 1843 867 1886 ut
897 1836 1107 1887 molossi
1140 1852 1430 1888 mensuram
1473 1847 1748 1902 exaequet,
1798 1840 2036 1892 dehortor·
2074 1848 2243 1891 autem

326 1919 433 1955 non
471 1904 774 1971 disyllabum
812 1918 926 1955 esse
961 1921 1060 1956 non
1096 1914 1294 1966 potest,
1347 1908 1531 1970 quibus
1569 1907 1632 1957 de
1667 1908 1820 1957 rebus
1857 1909 2104 1959 adeantur
2135 1922 2242 1958 *ru

326 1972 531 2037 Proleg.
566 1972 701 2023 Trin.
738 1988 791 2039 p.
815 1987 921 2024 cnx
955 1989 1062 2038 sca

420 2058 546 2117 CA.
592 2057 920 2137 Fugiamus
949 2058 1109 2119 nos?
1156 2078 1275 2138 quo
1308 2059 1658 2137 frigiamus?

412 2140 542 2202 Lo,
588 2140 656 2200 In
685 2143 963 2222 petriam.
1038 2143 1165 2203 CA.
1205 2143 1453 2223 Apage,
1494 2144 1616 2203 hau
1645 2162 1759 2205 nos
1787 2142 1852 2204 ffl
1884 2141 2104 2204 deceat

411 2239 733 2318 Fugitiuos
763 2241 1010 2302 imitari.
1080 2241 1208 2307 Lo,
1250 2226 1442 2302 immo
1471 2241 1721 2323 edepol,

501 2324 568 2383 Si
597 2324 721 2384 erit
749 2326 1024 2400 occasio,
1063 2325 1215 2385 haut
1244 2324 1357 2405 [id]
1388 2323 1706 2388 dehortor.

322 2415 444 2526 angl·
462 2408 622 2468 siquis
666 2408 899 2458 ultimum
943 2408 1125 2459 horum
1156 2424 1397 2459 versuum
1431 2425 1522 2476 pro
1558 2411 1877 2476 paroemiaco
1913 2408 2238 2460 acatalectum

322 2492 380 2528 m
434 2491 468 2525 n

415 2561 485 2621 Si
512 2561 636 2620 erit
663 2562 938 2639 occasio,
980 2562 1130 2622 hant
1159 2561 1368 2642 [istrie]
1400 2561 1720 2625 dehortor.

322 2666 393 2716 V.
419 2663 522 2717 246
557 2668 989 2731 transponendum
1026 2675 1103 2719 est
1136 2660 1335 2741 [mihi]
1372 2661 1555 2741 quod.
1590 2693 1680 2709 --
1717 2669 1782 2718 V.
1802 2666 1907 2727 :tf-6
1941 2682 2054 2718 sero
2093 2669 2237 2716 intel-

324 2742 431 2792 lexi
470 2750 518 2791 et
554 2758 622 2791 ex
655 2741 894 2809 analogia
929 2743 1121 2794 formae
1150 2747 1349 2810 favitor-
1385 2760 1516 2807 quae
1542 2744 1726 2811 Amph.
1740 2740 1806 2795 67
1831 2739 1901 2795 78
1918 2739 1986 2794 79
2009 2757 2074 2792 ex
2093 2743 2238 2793 bonis

323 2811 470 2860 libris
505 2811 702 2875 pridem
737 2813 967 2861 restituta
1005 2820 1081 2862 est
1116 2829 1372 2876 quamque
1406 2812 1597 2865 Nonius
1632 2828 1683 2878 p.
1707 2811 1810 2863 110
1847 2827 1911 2861 ex
1945 2811 2129 2862 Lucilii
2155 2825 2238 2861 sa-

322 2880 456 2930 turis
493 2878 682 2938 adfert,
724 2888 772 2929 et
798 2889 1004 2944 propter
1031 2881 1434 2933 adliterationem
1464 2882 1694 2935 vocabuli
1725 2882 1869 2930 iuxta
1891 2880 2046 2946 positi
2063 2889 2240 2944 captus

323 2955 411 3005 vel
446 2956 556 3004 sine
591 2954 735 3006 libris
770 2970 862 3020 pro
899 2965 1076 3008 cautor
1099 2960 1419 3011 scribendum
1443 2959 1605 3009 fuisse
1634 2950 1902 3028 (tinnitor,
1944 2958 2238 3023 praesertim

324 3046 444 3080 cum
479 3031 664 3081 Paulus
700 3031 954 3083 breviator
986 3033 1120 3084 Festi
1155 3049 1206 3099 p.
1229 3035 1292 3088 61
1332 3035 1460 3087 haec
1487 3035 1671 3086 habeat
1693 3022 2126 3086 ‘cauitionem
2164 3035 2240 3084 di-

323 3101 508 3150 cebant
553 3100 690 3163 quod
743 3099 894 3151 modo
949 3101 1164 3153 dicimus
1211 3094 1539 3163 cautionem’,
1590 3102 1725 3152 unde
1767 3105 1938 3154 nescio
1980 3119 2043 3154 an
2086 3105 2238 3154 etiam

327 3183 378 3217 v.
400 3164 505 3219 253
540 3177 588 3218 et
623 3167 757 3217 Tria.
778 3165 882 3220 416
907 3173 1117 3221 cauitum
1144 3186 1236 3236 pro
1255 3181 1447 3222 cantum
1464 3172 1809 3238 reponendum
1830 3174 1912 3224 sit.
1944 3198 2015 3210 —-
2049 3173 2112 3222 V.
2133 3169 2238 3224 316

321 3245 632 3307 transposita
650 3244 802 3294 velim
819 3246 973 3296 verba
992 3259 1091 3299 me
1114 3244 1286 3300 meus
1308 3248 1487 3320 pater
1501 3284 1520 3318 ‚
1556 3264 1604 3297 v.
1618 3244 1724 3299 318
1752 3242 1957 3301 fdteor
1978 3259 2135 3301 esse.
2150 3273 2240 3287 —-·

321 3319 389 3368 V.
409 3315 514 3370 359
551 3335 616 3368 ex
651 3322 898 3384 scriptura
932 3322 1173 3373 librorum
1211 3326 1322 3373 dice
1358 3325 1642 3375 demonstra
1666 3325 1793 3376 duce
1817 3325 2116 3374 DrssAmmo
2143 3338 2236 3388 po-

321 3392 429 3443 'tius
471 3385 624 3447 ddce
671 3387 1026 3450 demonstra
1071 3400 1348 3450 eruendum
1393 3410 1499 3451 crat
1547 3416 1699 3465 quam
1736 3401 1876 3464 quod
1909 3416 2023 3451 cum
2061 3399 2236 3450 Cann-

322 3481 482 3519 mno
520 3473 668 3535 posui
702 3473 812 3522 dice
843 3481 1092 3526 monstra.-
1126 3477 1245 3527 vide
1287 3476 1418 3526 infra
1443 3476 1510 3527 ad
1536 3476 1777 3531 Mil.256.
1797 3500 1869 3514 -
1889 3476 1954 3526 V.
1975 3471 2081 3525 398
2098 3475 2238 3537 qnod
