2584 3834
439 199 602 252 XXVI
1099 200 1414 254 EPISTVLA
1445 201 1697 253 GRmCA

441 374 489 408 v.
526 357 632 409 410
679 352 834 412 fdris
899 355 1090 414 uicini
1156 353 1440 435 prdxumi
1493 354 1893 434 concrepuitt
1952 377 1997 408 v.
2040 359 2143 412 425
2201 355 2352 434 quid

440 436 742 512 negdtist:
785 460 832 492 v.
862 441 965 494 426
1002 437 1156 497 Men
1196 457 1379 515 rogas
1406 438 1589 496 homo
1623 442 1729 516 qui
1759 438 1876 497 sim
1917 441 2010 504 (ab
2047 447 2349 511 aemimop

440 541 488 573 v.
515 522 622 575 484
663 521 986 580 cubantem
1029 524 1155 580 tam
1195 520 1379 580 modo
1413 519 1646 580 offendi
1675 519 1882 581 domi’.
1912 553 2000 566 ·—-
2038 527 2103 575 V.
2122 524 2222 578 441
2252 545 2356 594 ego

440 621 572 655 nune
605 609 776 660 malim
831 602 994 679 Quid
1046 604 1150 663 hic
1190 605 1256 663 in
1298 605 1549 683 Epheso
1598 605 1709 663 tibi
1749 603 2068 682 negotist?
2125 607 2251 672 (nisi
2297 612 2352 659 in

440 684 690 747 scriptura
734 684 975 736 librorum
1018 702 1083 735 ne
1129 686 1331 736 literula
1380 688 1586 750 quidem
1621 687 1862 737 mutanda
1894 694 1998 746 est,
2043 686 2161 736 vide
2195 700 2351 750 supra

441 760 508 808 ad
545 759 728 825 Amph.
754 761 900 823 111).
941 789 1010 799 —
1052 763 1117 811 V.
1139 759 1242 815 473
1281 764 1452 812 nescio
1500 777 1565 814 an
1593 764 1669 814 sic
1694 765 1761 814 sit
1794 762 2119 829 corrigendus
2146 752 2357 832 Magis

437 832 547 913 pol
590 840 797 895 metuo
842 835 1074 916 [mihilz
1119 844 1217 898 set
1257 858 1584 918 numquam
1626 845 1733 911 (cll.
1776 860 1826 895 v.
1854 842 1957 896 526
1989 843 2171 894 Bacch.
2198 840 2350 908 595),

442 932 744 981 quamquam
797 934 898 969 non
940 936 1055 970 sum
1101 923 1365 973 immemor
1413 936 1652 972 versuum
1698 936 1730 971 a
1766 934 1838 970 ΤΒ
1882 922 1934 970 in
1971 920 2169 985 Proleg.
2212 919 2348 968 Trin.

440 1008 491 1058 p.
518 1007 698 1043 ccxxv
739 1006 1107 1061 congestorum.
1160 1024 1230 1036 —
1286 998 1351 1046 V.
1380 994 1482 1048 481
1529 997 1849 1048 scribendum
1894 1002 1971 1045 est
2011 989 2216 1066 neque
2258 1010 2354 1060 pro

440 1085 546 1118 nec.
588 1096 654 1106 —
692 1072 758 1122 V.
778 1067 881 1122 485
920 1086 997 1122 ‘rv
1028 1082 1236 1140 propter
1272 1087 1512 1122 caesurae
1549 1073 1801 1123 defectum
1829 1072 2055 1122 ordine-m
2087 1072 2352 1121 verborum

441 1161 588 1208 quem
624 1145 737 1196 libri
772 1147 1104 1213 prodiderunt
1148 1142 1469 1203 Certumst
1515 1162 1677 1203 nunc
1726 1140 2151 1223 opsernationi
2201 1157 2353 1219 ope-

439 1226 569 1282 ram
613 1221 761 1283 dare
805 1231 878 1280 ita
913 1234 1120 1282 mutasti
1156 1240 1210 1282 ut
1245 1248 1343 1298 ego
1382 1232 1544 1283 edidi:
1580 1241 1631 1282 at
1667 1232 1799 1283 Rud.
1822 1229 1923 1282 525
1957 1229 2117 1281 habes
2153 1245 2353 1280 versum

438 1305 589 1369 plane
625 1307 804 1358 eodem
842 1307 993 1358 modo
1030 1308 1320 1368 confictum,
1374 1309 1508 1357 unde
1545 1308 1641 1358 hos
1682 1309 1811 1358 duos
1845 1310 1898 1358 in
1936 1309 2099 1358 vicem
2133 1322 2192 1357 se
2224 1308 2350 1358 tueri

442 1375 763 1425 crediderim:
818 1391 935 1426 nam
982 1375 1117 1427 hunc
1160 1392 1363 1440 quoque
1408 1378 1471 1425 ob
1521 1376 1734 1426 eandem
1778 1390 1986 1427 causam
2034 1377 2111 1424 sio
2158 1385 2356 1425 mutare

437 1443 529 1492 Ad
569 1444 897 1495 uelitatio'uem
947 1460 1021 1493 me
1072 1446 1294 1509 eqzddem
1340 1447 1557 1494 exerceo
1593 1444 1821 1510 profecto
1857 1444 2128 1494 audentius
2163 1445 2246 1492 sit.
2284 1469 2346 1483 -η

437 1511 502 1560 V.
525 1510 628 1562 502
666 1514 925 1563 verissime
962 1524 1037 1561 ’Π
1074 1513 1366 1562 intellexisti
1402 1513 1672 1562 insiticium
1712 1527 1826 1562 esse
1865 1513 2078 1574 eiusque
2106 1512 2159 1560 in
2187 1512 2357 1561 locum
2381 1568 2398 1577 Ι

441 1581 848 1630 substituendum
896 1596 944 1630 v.
966 1580 1093 1639 511,
1144 1582 1266 1630 item
1322 1596 1369 1629 v.
1400 1577 1505 1631 600
1539 1590 1588 1630 et
1629 1579 1731 1633 601
1769 1579 1899 1645 (quo
1937 1594 2091 1630 versu
2125 1595 2226 1629 non
2260 1580 2358 1631 abs

440 1664 494 1697 re
541 1648 742 1698 videtur
788 1649 974 1698 referre
1023 1647 1258 1699 Rmzrvn
1307 1663 1466 1716 prope
1520 1649 1713 1699 afuisse
1754 1665 1785 1699 a
1826 1663 1943 1699 vera
1977 1648 2350 1699 emendatione:

442 1717 657 1766 correxit
703 1718 836 1766 enirn
871 1724 961 1766 aut
992 1725 1136 1767 caute
1171 1717 1336 1782 locus)
1373 1732 1404 1765 a
1436 1717 1611 1767 Plauto
1650 1717 2016 1768 abiudicandos
2055 1731 2194 1775 esse,
2244 1732 2354 1766 ser-

442 1792 663 1843 vandum
698 1800 866 1845 autem
900 1794 1119 1860 proximi
1152 1794 1294 1844 initio
1335 1785 1489 1846 Nam
1530 1809 1621 1859 pro
1669 1794 1768 1854 Et,
1819 1794 2034 1856 denique
2067 1810 2115 1843 v.
2144 1790 2248 1844 666
2286 1794 2354 1851 ad

440 1867 545 1922 668
582 1872 982 1937 transponendus
1019 1884 1132 1920 esse
1168 1879 1284 1935 post
1321 1886 1370 1921 v.
1392 1868 1510 1923 653.
1549 1896 1618 1909 -—
1657 1871 1720 1920 V.
1744 1867 1847 1922 508
1892 1869 2070 1920 vellem
2105 1884 2196 1934 pro
2225 1869 2357 1932 Quia

441 1947 579 2010 quod
629 1961 700 1997 ‘rv
751 1948 813 1998 de
855 1947 1140 1996 coniectura
1178 1946 1362 1995 dedisti
1396 1947 1695 2012 scr1pturam
1726 1944 1985 1996 Decurtati
2027 1937 2207 2015 Quod.
2247 1960 2355 1994 ser-

444 2042 660 2078 vassem.
698 2055 767 2067 —
805 2030 869 2080 V.
891 2026 994 2079 552
1025 2029 1139 2079 vide
1169 2043 1290 2078 num
1322 2029 1643 2078 Ambrosiani
1675 2029 1919 2093 scriptura
1946 2023 2122 2100 Aqua
2153 2022 2355 2099 adque

441 2105 596 2167 sumi
640 2111 845 2161 defendi
879 2110 1045 2177 possit
1080 2111 1265 2160 talibus
1304 2111 1549 2178 exemplis
1587 2111 1785 2162 iunctae
1824 2114 2164 2179 comparativo
2194 2127 2356 2178 aeque

442 2189 522 2238 vel
555 2189 783 2254 adaeque
821 2190 958 2238 vocis
997 2187 1164 2250 qualia
1199 2196 1316 2238 sunt
1355 2186 1497 2254 Capt.
1530 2185 1634 2242 700
1672 2186 1779 2243 828
1811 2190 1965 2243 Mero.
1985 2193 2031 2243 H
2063 2190 2099 2245 3
2136 2193 2168 2245 1
2205 2190 2353 2259 (nam

437 2258 620 2309 Bacch.
654 2254 754 2310 621
804 2258 892 2307 ubi
941 2256 1279 2305 nannius-vs
1324 2258 1675 2324 pereleganter
1707 2275 1866 2326 aeque
1899 2262 2161 2313 invexerat
2193 2277 2266 2312 ’Ν
2299 2274 2352 2313 et

444 2337 496 2379 ut
533 2326 731 2377 videtur
763 2327 872 2374 iure
908 2339 1013 2376 Tvo
1053 2325 1193 2374 libris
1231 2327 1503 2378 obsecutus
1541 2326 1641 2393 es).
1678 2355 1744 2366 —
1788 2330 1851 2378 V.
1879 2327 1982 2381 613
2010 2346 2090 2395 sq.
2128 2332 2350 2383 Rmzrvs

441 2397 517 2445 sic
567 2395 898 2446 conformavit
941 2393 1005 2445 St
1033 2397 1252 2460 gerimus
1286 2411 1406 2445 rem.
1476 2397 1589 2446 PE.
1630 2396 1805 2463 Ma'qt‘s
1839 2400 1913 2449 ad
1945 2415 2049 2450 rem
2083 2417 2226 2466 quam
2260 2401 2352 2451 Izoc

439 2464 608 2515 ritibt‘le
644 2480 755 2516 esse
790 2464 888 2513 πότι
919 2472 1098 2527 potest.
1154 2462 1181 2531 Η
1233 2464 1366 2526 Quid
1396 2465 1509 2525 tibi,
1549 2466 1853 2517 Pleusicles?
1904 2468 2020 2521 PL.
2053 2469 2197 2531 Quod
2211 2471 2353 2519 uobIs

432 2535 659 2596 pldceat,
700 2533 965 2596 displiceat
993 2533 1140 2582 nziltz'?
1174 2549 1220 2583 v.
1247 2529 1352 2584 649
1378 2533 1552 2599 Neque
1583 2550 1675 2601 eqo
1703 2544 1865 2587 autem
1891 2553 2113 2603 umquam
2141 2541 2354 2589 alienam

438 2610 654 2652 scortum
686 2618 786 2651 —.·
820 2619 867 2653 v.
892 2598 993 2652 752
1027 2602 1168 2652 initio
1201 2618 1314 2651 nam
1349 2604 1646 2667 particulam
1684 2612 1798 2655 ante
1831 2618 1901 2655 τις
1932 2606 2141 2657 delevit:
2180 2623 2226 2657 v.
2246 2604 2351 2659 865

440 2677 557 2721 ante
591 2670 841 2721 Bonnvu
874 2671 1184 2735 transposuit
1210 2680 1413 2734 partem
1446 2673 1693 2736 infortuni
1721 2690 1903 2723 meam.-
1938 2691 1986 2724 v.
2007 2671 2112 2727 913
2143 2684 2258 2726 ante
2280 2690 2353 2726 'm

441 2741 651 2790 inseruit
685 2754 850 2804 porro
903 2741 1033 2789 inter
1067 2739 1217 2801 Quem
1254 2748 1303 2790 et
1338 2754 1449 2806 eqo.
1485 2766 1558 2778 —-
1598 2742 1660 2791 V.
1688 2739 1792 2793 627
1828 2742 2009 2793 vellem
2046 2742 2353 2810 recepissem

442 2809 578 2872 quod
613 2824 679 2860 ex
711 2807 860 2859 Nonii
898 2809 1138 2859 librorum
1171 2808 1453 2874 corruptela
1474 2809 1872 2861 Lmnnmmnvs
1895 2814 2025 2862 eruit
2042 2811 2353 2879 (praeiverat

432 2904 607 2948 ‘tamen
651 2897 976 2965 Mnncnnvs)
1020 2890 1184 2969 Quid
1227 2893 1316 2951 ais
1367 2893 1481 2952 tu?
1547 2899 1670 2953 tam
1712 2896 1828 2954 tihi
1870 2913 2002 2975 ego.
2032 2929 2121 2942 ·-—-
2159 2904 2224 2953 V.
2249 2902 2356 2956 629

440 3002 522 3037 me
575 2988 707 3039 male
753 2987 906 3041 habet
946 2999 1163 3054 praeter
1208 2993 1599 3057 praepositionis
1645 3007 1792 3042 usus:
1847 2994 1968 3057 quid
2009 2996 2055 3044 si
2092 3010 2152 3045 ea
2189 2996 2354 3046 deleta

442 3056 669 3107 ordinem
703 3059 971 3110 verborum
1009 3074 1158 3124 quem
1187 3060 1302 3110 libri
1328 3060 1565 3111 exhibent
1583 3062 1634 3110 in
1652 3061 1789 3112 hunc
1805 3063 2012 3113 modum
2030 3066 2357 3115 restituamus

439 3137 594 3198 Nam
628 3139 917 3218 equidem
963 3143 1085 3202 hau
1124 3163 1257 3204 sum
1290 3149 1470 3205 natus
1505 3164 1699 3206 annos
1742 3149 2185 3227 quinquaginta
2222 3150 2354 3207 ·-—-'.²

441 3269 512 3279 —
546 3243 610 3292 V.
642 3239 745 3295 774
789 3253 912 3310 puto
962 3248 1319 3314 corrigendum
1365 3264 1479 3299 esse
1524 3244 1720 3320 Quem
1761 3246 2004 3305 institui
2044 3254 2151 3306 scil.
2176 3255 2353 3313 dolant,

443 3326 500 3367 ut
541 3320 800 3370 instituere
835 3325 1064 3373 arntiam
1106 3325 1292 3390 legitur
1327 3341 1379 3376 v.
1409 3323 1514 3379 237
1552 3334 1601 3376 et
1635 3327 1783 3392 Epid.
1809 3329 1874 3377 111
1909 3327 1943 3378 2
1979 3325 2076 3382 272
2128 3347 2244 3381 nam
2283 3334 2357 3380 in-

443 3387 649 3438 stituere
682 3390 923 3440 rationem
959 3393 1065 3441 doli
1096 3392 1272 3444 ‘dubito
1310 3409 1431 3444 num
1465 3394 1672 3445 Plautus
1712 3396 1911 3446 dixerit.
1944 3421 2013 3434 -—
2054 3400 2120 3449 V.
2137 3396 2244 3452 800
2270 3416 2355 3448 ve-

441 3470 560 3506 reor
593 3472 657 3507 ne
691 3457 883 3510 incuria
917 3460 1236 3510 librariorum
1270 3462 1547 3515 infinitivus
1584 3479 1695 3515 esse
1733 3465 1951 3515 omissus
1978 3467 2044 3516 sit
2072 3467 2166 3535 (cf.
2194 3465 2358 3520 suffla
