2584 3834
803 226 892 277 AD
925 226 1086 279 Fau).
1130 226 1571 278 RITSCHELIVM.
2013 227 2150 279 vlnt

211 383 371 432 tione
404 395 504 431 nou
540 395 711 431 carere
744 379 863 430 alibi
898 381 1108 444 probavi
1140 388 1190 429 et
1224 394 1312 430 aus
1351 381 1511 430 icatus
1548 395 1660 431 sum
1687 379 1785 431 hoc
1806 394 1969 446 genus
1994 382 2144 431 etiam

211 449 385 500 latius
428 448 657 515 patere),
715 449 835 498 item
886 449 935 498 in
983 449 1251 512 surpiculis
1338 458 1440 513 apt.
1468 445 1573 501 816
1617 463 1710 515 pro
1757 450 2010 512 sirpiculis
2045 448 2142 513 (cf.

212 518 395 571 Lucil.
436 533 519 583 ap.
558 516 686 570 Nou.
721 514 951 582 p.490)=
986 534 1018 567 u
1049 532 1140 583 pro
1176 531 1207 567 ο
1242 518 1291 566 ἰιι
1328 517 1622 568 adtdescens
1655 526 1704 567 et
1736 519 1949 580 epistula
1985 516 2142 582 (quae.

213 587 431 637 formae
469 587 644 637 itidem
692 586 831 650 apud
875 594 1065 637 ceteros
1099 585 1371 650 sciiptores
1406 585 1493 637 illa
1526 587 1637 637 sola
1674 585 1802 636 haec
1835 595 2035 652 praeter
2070 587 2144 637 vi-

212 657 423 706 cariam
465 655 617 705 fldem
648 653 894 718 habent),
939 655 988 704 in
1022 653 1282 704 Mobulm
1311 656 1574 718 alaucunm
1610 654 1900 706 Aeser-cm.-
1944 671 2011 706 au
2051 670 2141 721 pro

210 740 245 774 ο
303 726 359 773 ἰιι
410 725 662 774 mentam
710 731 761 773 et
803 725 1061 774 ause-ulan·
1101 723 1199 786 (cf.
1235 723 1367 773 Fest.
1411 724 1553 775 Pauli
1587 720 1734 790 1».ae
1770 733 1818 775 et
1849 724 2091 774 Priscian.
2125 725 2142 773 1

212 809 270 858 p.
302 789 471 853 562)2
518 808 548 843 ο
581 807 674 859 pro
708 809 741 842 ιι
776 806 975 856 semper
1017 802 1135 858 post
1181 790 1388 841 alteram
1433 809 1466 843 ιι
1499 793 1608 842 sive
1642 801 2000 843 consonantem
2035 793 2142 843 sive

216 862 493 922 vocalem,
532 870 584 912 ut
621 861 906 926 scripserim
942 875 1040 910 non
1077 859 1241 910 solum
1277 863 1380 911 uolt
1413 862 1559 912 uola's
1592 864 1753 912 uoltu
1778 864 1951 928 uolqus
1972 863 2143 925 uulpes

223 932 499 981 Volcanus
542 945 721 981 seruos
753 943 925 979 nouom
957 930 1125 979 uiuant
1158 930 1252 979 sed
1287 931 1439 981 etiam
1470 937 1685 982 mortuos
1718 937 1923 982 mmom
1956 932 2143 981 miluom

214 1002 489 1064 ingenuom
517 1001 822 1063 praecipuos
859 998 1070 1049 uiduam
1090 997 1321 1061 fluctuem
1356 1006 1504 1051 ruent
1535 998 1752 1050 abnuant
1786 1009 1836 1051 et
1870 1014 2001 1063 quae
2026 1010 2143 1049 sunt

217 1068 422 1117 similia
453 1068 677 1133 exceptis
710 1074 820 1116 tues
855 1075 983 1116 canan
1015 1082 1134 1118 suns
1167 1082 1332 1126 man,
1380 1069 1500 1119 item
1533 1068 1865 1134 praecedente
1901 1084 1967 1134 qu
2004 1076 2057 1118 ut
2092 1068 2140 1117 iu

219 1139 410 1202 quoius
445 1139 564 1202 quoi
596 1150 725 1201 quor
758 1150 897 1201 quom
931 1134 1047 1198 (ubi
1082 1136 1366 1186 coniunctio
1404 1136 1507 1201 est)
1539 1151 1901 1204 quaequomque
1928 1144 2142 1202 utquom-

222 1221 328 1270 que
373 1204 505 1270 (non
548 1207 862 1272 quamplures
906 1203 998 1254 sed
1038 1205 1306 1267 conplures
1353 1207 1592 1267 quoniam
1645 1206 1696 1255 in
1747 1205 1846 1256 hoc
1894 1205 2138 1257 vocabulo

222 1275 543 1340 praepositio
582 1273 687 1334 est)
722 1288 926 1339 aequom
963 1280 1011 1323 et
1045 1275 1270 1338 iniquom,
1312 1273 1408 1322 nisi
1444 1290 1505 1323 cu
1543 1275 1689 1340 posui
1725 1281 1778 1324 ut
1812 1275 1862 1324 in
1894 1275 2140 1326 mendaci-

219 1345 372 1394 locus
412 1344 677 1407 falsilocus
721 1342 975 1392 uanilocus
1013 1344 1331 1393 conlocantur
1361 1344 1625 1406 peditem
1658 1350 1960 1396 execuntur:
2013 1345 2142 1393 anti·

225 1415 407 1475 quitus
449 1411 684 1463 videlicet
730 1421 994 1474 utrumque
1044 1426 1206 1477 genus
1239 1411 1418 1461 eodem
1451 1411 1602 1463 modo
1639 1413 1880 1476 scriptum
1917 1426 2031 1462 esse
2065 1414 2140 1461 vi·

227 1483 382 1532 detur
416 1494 577 1535 onvs
616 1493 729 1535 ov!
769 1493 951 1534 movit
984 1493 1278 1535 rautssovs
1314 1482 1443 1532 sicut
1480 1494 1712 1536 rssovnu
1751 1493 1892 1534 nvn
1931 1488 1978 1531 et
2011 1496 2139 1543 quae

225 1559 352 1601 sunt
388 1550 596 1601 similia:
636 1552 850 1614 denique
884 1565 942 1602 oe
972 1565 1065 1616 pro
1101 1566 1133 1600 u
1167 1550 1216 1599 iu
1249 1552 1439 1600 moenia
1470 1552 1703 1602 inmoem’s
1735 1551 1920 1601 moem’o
1945 1550 2140 1600 admoe-

227 1621 315 1670 nio
351 1622 634 1672 conmoenio
667 1617 788 1686 (sed
821 1634 922 1671 nou
952 1633 1111 1670 ausus
1140 1633 1253 1669 sum
1287 1621 1561 1672 connwenis
1595 1620 1811 1671 scribere
1835 1634 1926 1685 pro
1950 1633 2140 1670 conmu-

227 1699 339 1765 nis)
376 1702 746 1755 circumcoenio
781 1700 964 1765 (quare
989 1702 1140 1751 etiam
1166 1698 1385 1753 mus-23
1405 1691 1612 1751 moeni
1633 1703 1953 1754 scribendum
1976 1703 2138 1766 erat):

229 1800 349 1836 sero
387 1785 612 1836 intellexi
645 1785 775 1836 Rud.
796 1782 902 1837 998
935 1793 984 1835 et
1022 1784 1158 1837 1000
1185 1776 1488 1855 poeniceo
1514 1794 1564 1836 ct
1594 1778 1958 1857 poeniceum
1993 1787 2139 1837 resti-

230 1860 484 1911 tuendum
518 1862 680 1912 fuisse
714 1860 793 1912 cll.
815 1859 1042 1910 Pseud.1
1073 1858 1107 1910 2
1130 1855 1215 1910 92.
1246 1859 1309 1908 de
1337 1857 1527 1909 Graeca
1552 1859 1712 1910 vocali
1743 1878 1780 1925 y
1810 1877 1876 1912 ex
1897 1861 2140 1912 Plautinis

232 1928 428 1980 iabulis
450 1943 659 1996 prorsus
682 1929 980 1994 expellenda
1004 1928 1054 1978 in
1075 1929 1285 1990 eiusque
1311 1927 1475 1978 locum
1499 1929 1686 1992 ubique
1701 1945 1735 1978 u
1751 1930 2040 1994 reponenda
2066 1942 2138 1980 vv

228 1998 283 2046 in
318 1998 521 2064 Proleg.
557 1998 694 2048 Tria.
729 2014 782 2063 p.
805 2012 931 2048 xcvr
957 1998 1106 2048 nimis
1129 2003 1274 2046 caute
1298 1997 1552 2047 iudicasse
1574 1997 1776 2058 videre,
1810 1997 2141 2049 confidentius

232 2067 359 2116 ibid.
383 2081 437 2131 p.
461 2079 699 2117 cccxxve
737 2082 834 2133 ego
869 2068 919 2117 in
953 2074 1188 2129 quattuor
1219 2065 1393 2128 primis
1423 2067 1699 2117 comoediis
1723 2066 1820 2117 hoc
1844 2075 1980 2118 tomo
2004 2081 2137 2117 com-

231 2135 503 2199 prehensis
541 2136 637 2185 nisi
673 2136 724 2185 in
759 2135 1052 2198 Amphitruo
1083 2141 1134 2183 et
1158 2134 1465 2197 sincophanta
1491 2143 1540 2184 et
1570 2136 1860 2200 mandaris
1886 2135 2018 2187 Rud.
2039 2133 2142 2187 633

236 2213 284 2254 et
331 2212 577 2269 truqonus
625 2201 890 2268 eapt.851
925 2204 1042 2269 (qui
1078 2201 1266 2252 Graece
1299 2204 1481 2255 dicitur
1512 2194 1729 2267 τρυγών
1765 2220 1864 2268 quo
1898 2204 1964 2255 de
1994 2219 2141 2270 para-

235 2273 595 2324 schematismo
642 2273 706 2322 cf.
742 2273 1001 2323 Losscm
1042 2271 1258 2336 Paralip.
1302 2286 1514 2337 gramm.
1554 2271 1637 2322 Gr.
1686 2287 1737 2337 p.
1762 2270 1893 2337 138)
1935 2275 2140 2324 submo-

237 2359 357 2393 vere
391 2357 491 2392 non
529 2356 665 2392 eram
700 2356 884 2400 ausus,
923 2340 1016 2390 sed
1050 2341 1102 2390 in
1134 2339 1425 2390 Trinummo
1461 2339 1557 2391 hac
1589 2341 1639 2391 in
1671 2356 1725 2390 re
1760 2349 1994 2391 constans
2030 2356 2142 2392 essc

238 2412 410 2476 coepi,
445 2411 622 2476 scripsi
659 2411 811 2476 igitur
830 2410 1075 2460 Lusiteles
1107 2412 1363 2471 nuwopola
1390 2408 1698 2472 oemupiclms
1722 2408 1887 2461 Surus
1907 2409 2144 2461 Htw-icus

238 2489 319 2555 (v.
352 2487 457 2542 852
501 2491 800 2554 scripturam
849 2489 1168 2539 Ambrosiani
1220 2477 1499 2538 Hilurica
1550 2489 1785 2540 intactam
1833 2491 2143 2543 debebamus

238 2567 522 2630 relinquere
546 2565 624 2617 cll.
651 2563 780 2614 Men.
802 2565 847 2614 11
871 2564 900 2616 1
930 2562 1052 2630 10),
1088 2576 1253 2626 neque
1287 2563 1338 2613 in
1362 2563 1563 2614 relicuis
1587 2564 1773 2616 fabulis
1794 2566 1987 2617 literam
2006 2566 2142 2618 illam

239 2636 466 2686 tolerabo
502 2648 653 2699 quam
689 2647 753 2684 ne
776 2633 990 2683 Ennium
1014 2632 1220 2696 quidem
1247 2638 1299 2680 et
1319 2630 1513 2682 Attium
1539 2632 1831 2684 adhibuisse
1855 2634 2140 2686 Ciceronem

241 2713 291 2754 et
336 2703 551 2753 Marium
600 2703 911 2752 Victorinum
963 2708 1117 2752 testes
1158 2698 1425 2750 habemus.
1473 2716 1599 2752 cena
1644 2711 1695 2753 et
1740 2705 1964 2767 paenitet
1999 2710 2046 2753 et
2083 2718 2144 2751 ne

241 2772 543 2824 adfirmandi
573 2769 873 2837 particulam
908 2785 988 2820 me
1022 2771 1097 2820 sic
1130 2782 1330 2832 semper
1360 2769 1624 2834 scripsisse
1657 2785 1749 2836 pro
1773 2785 1929 2821 coena
1953 2779 2001 2821 et
2024 2784 2143 2833 poe-

242 2845 365 2892 nitet
412 2849 463 2892 et
507 2855 604 2890 nae
644 2840 842 2890 silentio
886 2838 1209 2904 praeterirem
1247 2837 1346 2886 nisi
1378 2839 1562 2889 multos
1596 2838 1824 2889 homines
1859 2838 2033 2889 doctos
2074 2839 2144 2888 vi-

243 2913 414 2961 derem
464 2908 691 2960 novicius
730 2907 844 2958 illas
888 2922 950 2958 ne
993 2907 1157 2958 dicam
1197 2906 1439 2957 barbaras
1485 2907 1675 2957 formas
1719 2907 2003 2958 etiamnunc
2038 2923 2144 2959 am·

241 2980 410 3044 plecti.
457 2978 675 3044 simplici
717 2978 738 3027 ἰ
779 2977 905 3026 duce
940 2976 1272 3027 Ambrosiano
1310 2976 1472 3038 (Trin.
1494 2972 1588 3040 17)
1625 2975 1840 3057 scriptus
1875 2985 1952 3027 est
1983 2979 2146 3028 nomi·

245 3050 444 3101 nativus
479 3046 564 3096 ille
598 3047 909 3130 pronominis
941 3060 1035 3111 pro
1071 3046 1134 3095 ii.-
1160 3034 1494 3110 ‘geminatum
1518 3043 1650 3094 enim
1682 3058 1701 3092 ι
1758 3053 1813 3095 ut
1846 3060 1955 3097 vva
1993 3048 2145 3097 verba

246 3117 429 3167 faciam
462 3131 578 3166 mea
622 3117 674 3165 in
704 3115 1000 3181 pronomine
1036 3129 1134 3164 non
1170 3114 1410 3163 maiorem
1444 3112 1596 3163 fldem
1626 3111 1779 3164 habet
1813 3130 1964 3178 quam
2000 3117 2051 3164 in
2076 3115 2148 3163 dii
2237 3151 2243 3156 .

246 3187 343 3236 diis
390 3201 480 3251 pro
520 3184 704 3248 quibus
739 3191 826 3234 aut
862 3184 918 3234 di
950 3185 1028 3234 dis
1063 3191 1118 3233 ut
1152 3183 1172 3232 ι’
1206 3183 1251 3233 is
1286 3190 1384 3231 aut·
1408 3181 1492 3231 dez·
1524 3182 1635 3232 deis
1669 3189 1724 3232 ut
1759 3184 1811 3233 ei
1840 3186 1917 3235 eis
1952 3191 2146 3235 veteres

248 3245 560 3320 probarunt’e
598 3254 719 3303 item
753 3267 952 3317 semper
988 3251 1165 3318 scripsi
1200 3251 1358 3301 obse-io
1393 3251 1536 3307 inicio
1570 3252 1756 3301 conicio
1790 3252 1948 3302 deicio
1985 3251 2147 3302 adicio

248 3339 360 3373 cum
395 3323 645 3373 similibus
679 3321 731 3371 in
767 3323 948 3385 quibus
984 3321 1241 3387 geminum
1274 3320 1296 3369 ι’
1326 3321 1377 3368 in
1412 3318 1548 3370 nullo
1575 3321 1707 3370 bono
1734 3320 1859 3370 libro
1886 3320 2146 3385 reperitur.

249 3400 418 3442 contra
459 3391 595 3441 Tn'n.
619 3387 724 3442 644
773 3406 870 3440 non
903 3389 1036 3441 obex
1069 3388 1205 3453 quod
1242 3400 1318 3439 ἰν
1353 3391 1640 3438 coniectura
1671 3388 1857 3451 alioqui
1892 3388 2148 3453 praeclara

251 3461 517 3512 adsecutus
552 3474 605 3509 es
643 3459 736 3508 sed
771 3458 922 3509 obieae
959 3459 1020 3509 de
1059 3471 1158 3520 qua
1193 3457 1441 3521 scriptura
1479 3456 1578 3506 alio
1601 3457 1709 3506 loco
1735 3457 2015 3505 accuratius
2045 3456 2150 3503 dis·
