2584 3834
342 161 466 229 116

337 357 398 408 V.
452 350 558 413 20ss
588 362 636 405 ct
672 349 777 405 209
810 348 1052 402 trochaici
1087 348 1339 410 octonarii

458 421 567 473 210
601 428 649 470 et
684 420 784 472 211
820 419 990 469 cretici
1023 415 1299 468 tetrametri
1330 414 1594 487 0001.)οῷ

367 523 389 532 -
457 489 562 540 212
594 491 804 538 creticus
838 475 1051 537 'dimeter
1084 478 1387 536 acatalectus

365 591 387 600 -
456 555 562 610 213
596 558 664 608 ad
695 556 802 609 224
845 555 1013 606 cietici
1045 553 1325 607 tetrametri
1356 549 1616 603 acatalecti

368 658 388 668 ·
457 625 560 679 225
596 627 841 679 iambicus
873 625 1092 681 dimeter
1126 621 1427 672 acatalectus

367 727 388 736 ·
458 690 563 748 226
599 695 666 745 ad
700 691 807 746 230
842 690 1097 744 bacchiaci
1133 689 1406 740 tetrametii
1440 686 1703 738 acataiectt

368 796 388 805 -
458 761 560 815 231
600 764 848 813 iambicus
884 761 1200 826 septenarius

369 865 389 874 -
458 829 566 885 232
596 832 808 882 creticus
842 837 1128 901 tetrameter
1165 825 1469 877 acatalectus

368 933 389 942 -
459 896 566 952 233
597 900 810 949 creticus
850 884 1062 949 dimeter
1095 895 1401 945 acatalectus

369 1001 391 1011 -
457 967 564 1020 234
595 968 663 1018 ad
697 952 802 1020 239
837 967 1009 1017 cretici
1044 965 1322 1016 tetrametri
1359 959 1622 1012 acatdoctt

369 1069 389 1079 -
459 1036 565 1088 240
597 1045 646 1086 et
678 1036 782 1089 241
818 1035 1059 1086 trochaici
1096 1032 1338 1083 octonarii

369 1137 391 1147 -
460 1105 565 1157 242
601 1105 669 1155 ad
701 1103 808 1158 360
839 1102 1077 1153 trochaici
1112 1100 1381 1166 septenarii

370 1205 392 1215 -
458 1172 561 1227 361
599 1174 667 1224 ad
701 1171 808 1226 384
842 1172 1045 1222 iambici
1079 1171 1263 1219 senarii

368 1274 389 1283 ·
457 1239 561 1295 385
597 1243 665 1292 ad
701 1239 806 1295 497
838 1240 1082 1291 trochaici
1115 1235 1384 1304 septenarii

368 1342 390 1352 -
457 1308 564 1364 498
598 1311 900 1362 baccbiacns
938 1309 1149 1359 dimeter
1184 1305 1488 1356 acatalectus

367 1411 389 1420 -
456 1378 562 1433 499
597 1380 665 1431 ad
700 1378 805 1433 502
839 1377 1095 1431 bacchiaci
1131 1373 1407 1424 tetrametri
1445 1370 1708 1423 acatalecti

370 1478 392 1488 -
460 1447 563 1501 503
597 1448 900 1499 bacchiacus
940 1446 1152 1495 dimeter
1187 1441 1490 1493 acatalectus

369 1546 393 1556 -
411 1534 424 1543 ·
460 1517 567 1570 504
595 1516 897 1568 bacchiacus
923 1520 1209 1564 tetrameter
1238 1508 1542 1564 acatalectus

369 1615 391 1625 ·
461 1587 564 1638 505
598 1585 845 1636 iambicus
880 1583 1109 1632 senarius
1175 1616 1178 1619 -

367 1678 393 1691 -
462 1653 567 1708 506
603 1663 652 1705 et
686 1650 788 1707 507
820 1652 1043 1709 iambici,
1058 1649 1258 1700 dimetri
1291 1645 1550 1695 acatalecti

367 1752 391 1762 -
461 1721 566 1776 508
600 1723 845 1773 iambicus
884 1722 1094 1772 dimeter
1125 1716 1442 1766 catalecticus

368 1823 390 1833 ·
460 1791 563 1846 509
599 1790 900 1845 bacchiacns
944 1789 1156 1841 dimeter
1174 1783 1478 1836 acatalectus

369 1893 391 1902 -
461 1861 569 1914 510
604 1861 671 1911 ad
709 1859 812 1912 515
846 1859 1052 1909 iambici
1086 1854 1360 1921 septenarii

370 1961 392 1972 -
461 1929 566 1984 516
601 1931 669 1980 ad
702 1927 809 1981 524
838 1927 1042 1978 iambici
1078 1923 1321 1975 octonarii

370 2030 391 2040 -
462 1999 565 2052 525
602 1999 854 2061 iambicus
884 1996 1115 2050 senarius

370 2095 392 2107 ·
461 2066 566 2120 526
599 2067 667 2118 ad
701 2064 806 2118 532
840 2063 1082 2114 trochaici
1115 2059 1390 2126 septenarii

369 2165 391 2176 -
462 2132 567 2188 533
602 2136 670 2186 ad
705 2130 816 2185 54‘0‘
842 2130 1047 2184 iambici
1083 2127 1325 2182 octonarii

370 2234 394 2244 -
462 2202 566 2257 541
603 2205 670 2254 ad
703 2200 809 2256 658
840 2201 1080 2253 trochaici
1114 2195 1388 2263 septenarii

371 2300 397 2311 -
465 2271 570 2326 659
606 2273 673 2323 ad
705 2268 808 2324 767
843 2270 1045 2320 iambici
1075 2266 1262 2317 senarii
1388 2310 1404 2315 ,

371 2373 393 2382 -
464 2338 569 2395 768
603 2349 652 2391 ct
686 2337 790 2392 769
820 2337 1061 2389 trochaici
1096 2332 1369 2401 septenarii

373 2440 395 2452 -
467 2405 573 2462 770
607 2409 673 2458 ad
707 2405 813 2460 780
846 2408 1051 2458 iambici
1087 2402 1331 2455 octonarii

372 2508 395 2520 -
441 2475 567 2531 -781
604 2478 671 2528 ad
709 2474 812 2531 783
845 2474 1103 2526 bacchiaci
1138 2468 1411 2522 tetrametri
1446 2465 1704 2517 acatalecti
1768 2502 1773 2507 .

370 2576 393 2587 ·
462 2543 567 2600 784
597 2548 844 2597 iambicus
880 2545 1090 2596 dimeter
1105 2538 1422 2592 catalecticus

373 2645 395 2656 -
463 2613 565 2668 785
601 2616 670 2665 ad
703 2612 808 2668 790
840 2612 1097 2664 bacchiaci
1127 2605 1404 2659 tetrametri
1444 2602 1708 2654 acatalecti

370 2714 392 2725 ·
462 2682 563 2737 791
603 2684 670 2735 ad
704 2680 809 2736 908
842 2681 1081 2733 trochaici
1111 2673 1386 2749 septenarii

372 2785 393 2794 -
460 2751 565 2806 909
603 2753 670 2802 ad
708 2751 810 2805 921
851 2748 1055 2802 iambici
1087 2744 1332 2797 octonarii

368 2852 392 2863 -
459 2819 564 2874 922
600 2822 668 2872 ad
700 2818 805 2873 927
841 2817 1098 2873 bacchiaci
1131 2810 1407 2865 tetrametri
1440 2806 1706 2861 acatalecti

370 2918 394 2931 ·-
460 2888 567 2942 928
604 2898 653 2940 et
686 2887 791 2943 929
821 2886 1062 2940 trochaici
1096 2881 1340 2934 octonarii

378 2989 387 2998 ·
463 2956 570 3011 930
599 2959 667 3009 ad
702 2956 839 3012 1036
872 2954 1110 3007 trochaici
1144 2946 1435 3016 septenarii.
