2584 3834
472 135 601 199 270

798 1229 1040 1298 mm
1085 1225 1294 1297 nvlvs
1338 1225 1648 1295 rum
1688 1226 1864 1296 mc
1906 1227 2078 1297 SVM'

477 1396 544 1446 V.
601 1395 633 1448 l
668 1396 737 1446 ad
772 1394 876 1449 184
908 1398 1110 1448 iambici
1146 1398 1334 1449 senarii

510 1504 535 1517 -
606 1474 707 1529 185
742 1478 809 1530 ad
831 1465 948 1532 ‘189
982 1480 1224 1531 trochaici
1259 1479 1502 1530 octonarii

510 1590 534 1600 -
606 1558 711 1613 190
743 1561 810 1612 ad
848 1560 950 1615 193
984 1562 1242 1614 bacchiaci
1277 1562 1551 1613 tetrametri
1587 1562 1845 1614 acatalecti

509 1675 531 1687 -
603 1644 708 1700 194
740 1649 807 1698 ad
846 1645 947 1701 196
983 1648 1237 1699 bacchiaci
1273 1649 1548 1699 tetrametri
1579 1649 1855 1699 catalectici

508 1760 531 1771 -
600 1725 705 1783 197
740 1731 1041 1782 bacchiacus
1079 1732 1307 1782 trimeter
1325 1730 1630 1781 acatalectus

508 1843 532 1855 ·
603 1813 708 1868 198
743 1823 793 1867 et
829 1813 931 1870 199
964 1817 1168 1868 iambici
1204 1814 1446 1866 octonarii

506 1928 530 1939 -
599 1898 707 1952 200
739 1900 808 1951 ad
840 1897 945 1952 203
977 1899 1149 1951 cretici
1179 1899 1386 1950 dimetri
1414 1898 1677 1949 acatalecti
1702 1912 1820 1949 cum
1835 1897 2109 1950 trochaicis
2127 1914 2393 1952 monome-

1379 1983 1476 2033 tris
1509 1982 1921 2049 hypercatalectis

502 2094 527 2107 -
595 2065 703 2119 204
735 2074 784 2118 et
817 2066 922 2120 205
955 2068 1214 2123 bacchiaci
1246 2067 1525 2120 tetrametri
1564 2067 1824 2118 acatalecti

500 2180 523 2191 -
591 2149 697 2204 206
730 2151 976 2201 iambicus
1010 2152 1302 2204 octonarius

503 2263 524 2272 -
595 2228 703 2286 207
737 2242 786 2285 et
816 2232 924 2287 208
960 2236 1130 2285 cretici
1163 2236 1439 2286 tetrametri
1472 2233 1733 2284 acatalecti

499 2348 523 2358 -
592 2316 698 2373 209
730 2320 942 2371 creticus
974 2328 1263 2371 tetrameter
1299 2319 1620 2371 catalecticus
1654 2320 1707 2370 in
1741 2318 1989 2386 syllabam

496 2434 518 2443 -
586 2404 695 2457 210
729 2412 778 2455 et
812 2404 915 2457 211
947 2406 1117 2456 cretici
1150 2405 1427 2455 tetrametri
1458 2403 1719 2454 acatalecti
2048 2393 2055 2398 ’

499 2517 523 2527 -
591 2487 697 2541 212
732 2488 942 2540 creticus
972 2495 1260 2539 tetrameter
1293 2486 1615 2537 catalecticus
1647 2487 1702 2537 in
1734 2486 1982 2553 syllabam

493 2598 516 2610 -
586 2568 691 2623 213
725 2572 793 2621 ad
823 2569 929 2623 215
971 2570 1142 2622 cretici
1172 2571 1452 2622 tetrametri
1484 2568 1745 2620 acatalecti

495 2680 518 2692 -
589 2652 693 2705 216
723 2660 772 2703 et
805 2648 911 2705 217
945 2651 1187 2704 trochaici
1221 2654 1470 2706 octonafii

492 2763 515 2775 -
582 2732 690 2788 218
724 2741 775 2785 ct
811 2733 915 2788 219
948 2736 1152 2787 iambici
1185 2736 1461 2802 septenarii

489 2846 514 2860 ·
580 2816 689 2870 220
719 2819 788 2868 ad
820 2815 927 2871 228
959 2819 1202 2870 trochaici
1237 2819 1482 2871 octonarii

486 2929 512 2944 .
579 2900 685 2954 229
719 2902 999 2953 trochaicus
1032 2912 1379 2970 septenarius

495 3015 517 3027 -
587 2985 694 3039 230
727 2994 776 3036 et
810 2984 912 3039 231
949 2986 1207 3039 bacchiaci
1238 2987 1443 3040 dimetri
1479 2986 1756 3039 catalectici
1790 2984 1931 3053 (sive
1960 2982 2245 3038 dochmiacl
2265 3000 2379 3037 mo-

1368 3066 1609 3135 nometri)

486 3179 512 3192 -
576 3148 684 3204 232
715 3151 783 3201 ad
816 3150 923 3205 252
955 3152 1128 3203 cretici
1162 3154 1441 3204 tetrametri
1477 3150 1741 3203 acatalecti

483 3258 511 3273 ·
579 3230 686 3285 253
720 3232 1004 3284 trochaicus
1038 3236 1355 3300 septenarius

576 3313 684 3368 254
719 3321 770 3365 et
797 3313 906 3368 255,
933 3316 1138 3369 iambici
1173 3320 1417 3371 octonarii
