2584 3834
350 187 509 237 xvm
998 183 1313 236 EPISTVLA
1354 183 1606 235 CRITIGA

349 352 657 402 quamquam
704 338 882 389 eadem
938 337 1043 388 fere
1084 347 1298 401 utroque
1337 352 1485 387 versu
1524 338 1827 403 exprimitur
1861 334 2137 393 sententia,
2188 342 2262 382 ta·

352 424 466 457 men
516 407 569 457 id
616 422 716 457 non
756 408 882 458 satis
919 422 1103 457 causae
1140 421 1255 456 esse
1291 407 1510 456 arbitror
1543 413 1598 456 ut
1633 406 1847 456 alterum
1886 419 1951 456 ex
1991 402 2262 466 interpola·

349 479 486 525 tione
536 476 804 540 irrepsisse
838 483 1120 526 statuamus
1157 476 1455 540 praesertim
1488 474 1541 523 in
1577 473 1673 524 hac
1708 472 1909 523 fabulae
1953 478 2097 537 parte
2132 486 2263 532 quae

351 559 450 593 uua
488 552 566 593 est
603 559 668 594 ex
705 545 816 594 istis
853 545 1020 595 scenis
1060 544 1122 594 de
1159 544 1344 605 quibus
1380 555 1453 592 ’Ν
1488 543 1745 608 Parergou
1785 539 1927 591 vol.1
1961 535 2131 606 p.237
2152 539 2261 587 bre-

349 615 479 662 viter
514 613 692 676 egisti,
729 627 862 675 quae
896 620 983 662 aut
1020 611 1220 676 prologi
1259 613 1369 661 vice
1396 611 1674 676 funguntur
1691 609 1774 675 (ut
1791 608 1953 659 Mi1.11
1974 608 2001 658 1
2028 605 2260 670 Cisal-31)

348 689 437 730 aut
471 687 527 728 ut
561 680 687 730 haec
722 681 797 745 (v.
821 678 924 731 463
961 681 1027 730 ad
1060 676 1191 743 498)
1232 695 1292 729 ea
1328 694 1455 742 quae
1490 679 1704 745 prologo
1744 687 1973 729 enarrata
1998 685 2113 725 sunt
2138 690 2260 740 sup-

347 748 501 812 plent.
533 750 584 798 in
619 748 700 797 his
738 757 907 799 autem
945 750 1109 798 scenis
1147 755 1201 797 ut
1238 750 1288 798 in
1327 747 1456 812 ipsis
1492 748 1719 813 prologis
1744 754 1897 811 poeta
1922 748 2032 795 sive
2057 744 2261 793 Plautus

348 818 441 866 fuit
492 817 600 865 sive
640 817 770 866 alius
806 819 920 881 quis
956 817 1213 866 Plautinae
1250 817 1457 880 quidem
1495 816 1618 865 artis
1653 816 2020 865 scientissimus
2059 813 2262 877 prolixa

348 885 568 946 quadam
613 887 854 936 orationis
903 886 1206 936 verbositate
1253 885 1407 934 utitur
1453 898 1582 947 quae
1623 883 1721 934 hoc
1756 885 1961 946 quidem
1998 882 2190 945 ainbitu
2231 896 2261 929 a

348 952 532 1003 relicuo
569 968 801 1004 sermone
836 954 1064 1004 Plautino
1103 953 1271 1003 aliena
1309 959 1402 1002 est.
1444 953 1539 1003 sed
1574 950 1698 1001 illud
1730 965 1840 1001 'rint
1873 952 2080 1014 quidem
2113 948 2260 998 facile

346 1021 537 1086 largior
574 1023 693 1071 vitia
726 1023 1003 1072 tralaticiae
1040 1022 1221 1071 horum
1261 1035 1496 1070 versuum
1524 1022 1803 1084 scripturae
1828 1018 2100 1070 manifesta
2125 1032 2257 1067 esse.
2301 1043 2305 1047 <

346 1105 405 1138 ac
452 1104 653 1139 versum
701 1092 906 1153 quidem
951 1086 1057 1140 490
1107 1092 1193 1152 qui
1245 1088 1296 1138 iu
1346 1089 1487 1137 libris
1522 1089 1766 1137 Plautinis
1810 1089 1886 1138 sic
1924 1089 2144 1152 scriptus
2184 1093 2261 1136 est

346 1158 415 1206 Ec
449 1159 761 1209 clandestina
796 1167 852 1210 at
888 1161 1078 1210 celetur
1111 1159 1329 1221 suspicio
1366 1165 1655 1222 corruptum
1692 1171 1805 1207 esse
1842 1158 2007 1221 ipsius
2042 1155 2259 1217 antiqui·

345 1228 461 1274 tatis
498 1228 784 1278 testimonio
807 1228 1072 1278 docemur:
1110 1243 1141 1277 a
1174 1227 1370 1277 Donato
1411 1228 1546 1275 enim
1577 1226 1628 1275 in
1656 1225 1766 1278 Ter.
1790 1225 2110 1290 Adelphsslll
2134 1223 2166 1273 5
2189 1220 2258 1273 32

343 1295 419 1343 sic
455 1296 670 1359 scriptus
709 1298 759 1345 in
797 1297 1018 1347 editione
1053 1297 1283 1360 principe
1321 1294 1548 1344 adfertur
1604 1296 1677 1344 Vt
1708 1295 2013 1344 clandestine
2049 1300 2099 1343 et
2132 1294 2259 1342 cele-

342 1371 426 1411 tm·
472 1366 798 1425 consuetude,
858 1367 993 1415 unde
1042 1366 1141 1413 iam
1185 1361 1465 1412 Scrorrivs
1502 1362 1759 1411 arcessitis
1794 1361 1875 1410 liis
1912 1362 2082 1412 verbis
2117 1360 2259 1410 Pauli

346 1433 642 1483 breviatoris
682 1434 814 1483 Festi
860 1431 990 1498 p.6i
1039 1423 1562 1480 ‘consuetionem
1610 1430 1815 1479 Plautus
1853 1443 1948 1494 pro
1992 1436 2258 1478 consuetu-

343 1501 460 1549 dine
507 1492 653 1550 dixit’
690 1517 805 1550 eum
841 1503 912 1550 ita
951 1499 1166 1549 restituit
1201 1505 1256 1547 ut
1292 1498 1344 1546 iu
1380 1496 1475 1546 hac
1512 1498 1734 1548 editione
1772 1498 1920 1547 dedi:
1969 1498 2063 1548 sed
2099 1498 2258 1546 artius

343 1570 493 1616 etiam
543 1570 807 1633 premendi
853 1575 993 1618 erant
1041 1567 1220 1617 ductus
1257 1565 1514 1615 literarum
1551 1567 1602 1616 in
1636 1565 1821 1616 Donati
1859 1565 2080 1616 editione
2118 1566 2258 1630 prin-

342 1638 454 1700 cipe
485 1638 794 1696 extantium,
844 1638 978 1687 unde
1012 1635 1147 1686 hunc
1182 1648 1385 1685 versum
1421 1650 1522 1685 non
1561 1635 1735 1685 dubito
1779 1635 1854 1684 sic
1890 1635 2144 1700 corrigere
2189 1637 2258 1684 Vc

340 1705 650 1755 clandestina
701 1705 827 1755 haec
870 1703 964 1769 (an
1000 1719 1062 1754 ea
1078 1701 1131 1767 Γ)
1178 1705 1367 1754 celetur
1411 1705 1677 1755 consuetio.
1737 1711 1842 1752 tum
1891 1706 2011 1753 'vero
2062 1719 2109 1752 v.
2131 1700 2254 1766 490,

341 1773 478 1834 quod
511 1787 584 1821 ’Ν
622 1789 823 1837 quoque
857 1773 1202 1840 proposuisti,
1242 1780 1290 1822 et
1328 1785 1433 1821 ‘rvo
1471 1787 1625 1822 suasu
1664 1772 1815 1836 paulo
1854 1773 2149 1821 immutatus
2182 1771 2254 1822 illi

340 1843 722 1957 polstponendus
761 1850 852 1892 est.
897 1858 958 1892 en
994 1842 1150 1907 igitur
1186 1855 1364 1891 versus
1392 1837 1496 1892 487
1536 1841 1603 1890 ad
1637 1837 1742 1890 490
1778 1848 1831 1890 ut
1870 1857 2002 1891 nunc
2037 1841 2252 1906 scripto!

342 1925 400 1958 ve
426 1925 493 1958 im

426 1979 611 2038 Pater
656 1980 896 2040 curabit
938 1978 1240 2059 [Iuppiter
1283 1979 1552 2038 summus
1596 1978 1791 2056 meus]

423 2062 561 2121 Vno
610 2065 677 2122 iit
718 2061 935 2121 labore
980 2060 1260 2142 apsdluat
1304 2064 1624 2122 aerummis
1668 2059 1840 2138 duas,

426 2145 509 2206 Vt
547 2144 930 2206 claudestina
970 2146 1125 2205 haec
1167 2144 1410 2205 celetur
1454 2144 1796 2221 comneno,

421 2228 514 2287 Ne
560 2228 714 2309 [illa]
757 2232 822 2290 in
862 2229 1202 2308 suspitione
1245 2231 1513 2309 ponatur
1557 2228 1773 2307 stupri.

347 2313 400 2364 V.
423 2309 525 2363 507
564 2328 629 2362 ex
665 2313 944 2363 coniunctis
973 2311 1277 2361 testimoniis
1306 2312 1547 2362 librorum
1578 2309 1923 2361 plautinorum
1951 2312 2038 2374 qui
2067 2311 2254 2360 habent

338 2379 665 2432 Obsematoce
709 2397 854 2446 quam
899 2380 1082 2430 blande
1123 2381 1318 2431 mulieri
1365 2379 1662 2443 palpabitur
1711 2386 1760 2429 et
1805 2379 1988 2431 Donati
2035 2380 2087 2428 in
2136 2379 2246 2428 Ter.

337 2447 553 2513 Adelph.
577 2450 708 2514 prol.
729 2450 763 2500 ⁶2
800 2448 1049 2500 Obseruat
1082 2464 1240 2499 orare
1276 2455 1333 2499 ut
1362 2449 1544 2499 blande
1574 2451 1814 2511 palpetur
1849 2450 2045 2499 madien'
2067 2455 2115 2496 et
2134 2446 2249 2496 Ser-

341 2519 407 2566 vii
445 2518 494 2566 in
523 2518 648 2567 Aen.
675 2517 744 2568 XI
771 2514 874 2570 725
907 2517 1186 2568 Observato
1213 2533 1360 2583 quam
1387 2518 1570 2568 blande
1598 2519 1934 2580 suppalpatur
1960 2518 2154 2567 mulieri
2177 2517 2253 2565 sic

339 2593 768 2644 reconcinnandus
800 2601 877 2644 est
918 2571 1334 2666 Opseruatote
1367 2588 1505 2648 eum
1536 2605 1716 2665 quam
1745 2584 1971 2646 blande
2002 2583 2251 2665 suppal-

339 2674 517 2746 patur
556 2666 822 2730 mt'llierl.
865 2701 954 2716 ·--
999 2678 1062 2727 V.
1102 2674 1206 2727 514
1253 2678 1530 2728 secundum
1579 2693 1640 2727 ea
1687 2692 1817 2740 quae
1864 2690 1938 2726 ‘rv
1985 2691 2147 2741 nuper
2184 2677 2250 2725 ad

337 2749 490 2800 Stich.
505 2750 607 2803 516
627 2751 691 2802 de
705 2753 948 2817 prosodia
961 2760 1010 2802 et
1027 2754 1274 2817 scriptura
1286 2753 1399 2803 lieri
1410 2753 1638 2804 adverbii
1651 2753 1868 2803 docuisti
1881 2752 2031 2802 verba
2049 2753 2124 2801 sic
2136 2766 2251 2800 esse

337 2827 713 2890 transponenda
769 2828 1002 2878 videntur
1049 2819 1265 2881 Media
1312 2827 1498 2882 nocte
1550 2823 1690 2882 heri
1748 2821 2017 2897 uenisti,
2085 2821 2248 2879 minc

336 2901 482 2961 abis,
515 2934 604 2948 —-
643 2910 708 2958 V.
728 2907 834 2959 520
868 2926 969 2960 uon
992 2912 1291 2975 persuasisti
1310 2910 1435 2960 mihi
1453 2920 1788 2962 correcturum
1807 2924 1955 2961 'run
1975 2911 2025 2960 in
2044 2910 2243 2975 Proleg.

332 2984 466 3033 Trin.
500 2999 553 3048 p.
576 2997 758 3036 cnxxu
795 2987 1108 3052 propositam
1147 2986 1241 3036 sed
1270 2987 1488 3051 praetuli
1520 2988 1657 3049 quod
1688 2986 2028 3038 Canummvs
2061 3002 2246 3052 posue-

334 3060 437 3101 rat:
476 3067 630 3118 aegre
666 3055 800 3103 euim
831 3056 922 3118 pol
956 3055 1253 3118 particulam
1290 3055 1623 3105 desiderarim
1652 3071 1804 3118 quam
1833 3070 1934 3107 non
1968 3056 2132 3106 solum
2157 3056 2245 3104 de-

333 3129 540 3184 pravata
587 3122 835 3187 scriptura
867 3123 934 3171 V.
965 3123 1019 3176 C.
1056 3123 1163 3186 Quo
1209 3125 1321 3188 leqo
1353 3123 1446 3172 sed
1482 3125 1633 3174 etiam
1671 3125 1983 3175 consuetudo
2020 3123 2246 3173 Plautina

333 3187 430 3251 (cf.
481 3191 631 3239 modo
682 3190 868 3255 Amph.
907 3188 1039 3241 1030
1075 3188 1211 3242 1043
1260 3190 1364 3240 Mil.
1384 3188 1517 3243 371:
1555 3191 1676 3242 hino
1712 3194 1864 3242 etiarn
1902 3192 2032 3243 Men.
2056 3194 2102 3241 V
2139 3192 2169 3239 5
2210 3192 2243 3241 5

336 3256 408 3305 sic
453 3258 870 3324 redintegrandus
921 3259 1119 3309 videtur
1151 3258 1303 3321 Quem
1341 3257 1467 3325 [pol]
1505 3275 1597 3326 eqo
1630 3261 1887 3312 honinem.
1907 3260 1950 3325 .)
1992 3275 2245 3312 commen-Q

333 3325 446 3374 dat:
502 3334 670 3378 tamen
717 3342 848 3378 nunc
894 3328 1046 3377 etiam
1092 3329 1305 3394 propius
1354 3329 1534 3393 optimi
1579 3330 1696 3380 libri
1743 3332 2018 3380 memoriae
2071 3328 2244 3378 malim

336 3393 494 3470 Quoi
522 3393 678 3477 [pol]
711 3415 824 3475 ego
855 3396 975 3456 hoc
1000 3397 1123 3456 iam
1151 3398 1429 3477 scipione
1447 3444 1463 3460 .
1482 3445 1497 3459 .
1530 3401 2243 3472 (scihmaqnum‘malmndabo
